3434 4575
596 464 1078 529 nnounuunuoumnv.
1301 437 1362 528 too

348 686 350 691 ,
445 618 609 681 Praeferat
623 619 765 697 antiquos
779 635 904 697 semper
917 624 953 677 ut
967 616 1021 677 illa
1035 619 1131 678 novis.

381 702 461 764 asic
473 709 610 762 veterem
626 702 740 779 ingrati
754 701 886 781 Pompei
900 703 1074 780 quaerimus
1088 703 1242 779 umbram,

445 786 497 845 Sic
510 784 639 845 laudant
654 783 756 846 Catuli
770 783 843 844 'vilia
857 785 972 865 templa
985 803 1085 845 senes.

403 870 521 930 Ennius
537 876 586 930 est
599 868 701 929 lectus
716 866 800 929 salvo
815 870 889 946 tibi,
911 870 1023 948 Roma,
1045 868 1178 929 Marone

444 955 486 1013 nt
500 973 553 1014 sua
566 955 705 1014 riserunt
718 951 841 1013 saecula
854 953 1068 1014 Maeonidena

402 1038 483 1098 Rara
498 1043 645 1098 coronato
659 1034 805 1119 plausere
819 1038 944 1097 theatra
957 1034 1149 1113 Menandro,

362 1134 396 1183 10
443 1122 540 1181 Norat
554 1122 707 1183 Nasonem
721 1119 788 1181 sola
803 1122 940 1182 Corinna
954 1141 1051 1183 suum.

402 1206 468 1268 Vos
483 1211 603 1283 tamen,
625 1224 642 1265 o
658 1207 759 1266 nostri
772 1224 813 1265 ne
827 1206 976 1275 festinate
990 1201 1108 1266 libelli:

449 1288 483 1347 Si
499 1290 647 1369 postlata
661 1290 748 1349 venit
762 1288 878 1368 gloria,
900 1310 963 1349 non
978 1297 1124 1369 propero.

812 1450 864 1511 xl.

406 1562 637 1641 Sardonychas,
659 1561 854 1641 zmaragdos,
878 1560 1069 1639 adamantus,
1091 1558 1225 1642 iaspidas
1239 1579 1300 1620 uno

446 1646 560 1708 Versat
573 1648 605 1704 in
620 1645 752 1706 articulo
771 1645 885 1723 Stella,
908 1646 1041 1723 Severe,
1062 1664 1158 1706 mens.

404 1729 520 1790 Multas
534 1731 567 1788 in
583 1729 703 1808 digitis,
726 1728 834 1809 plures
850 1732 884 1789 in
898 1731 1033 1789 carmine
1049 1747 1182 1806 gemmas
1283 1768 1287 1780 ‚

445 1815 601 1874 invenies:
621 1811 695 1872 inde
711 1819 759 1872 est
772 1814 866 1891 haec,
887 1818 980 1892 puto,
1003 1811 1086 1872 culta
1099 1832 1215 1875 manus.

809 1975 874 2037 xri.
915 1957 918 1962 ’

406 2092 495 2168 Quod
508 2082 647 2151 nutantia
661 2088 766 2147 fronte
780 2084 934 2167 perticata

405 2177 515 2236 Gestat
527 2171 667 2255 pondera
680 2170 850 2232 Masthlion
865 2172 1033 2250 superbus,

405 2262 468 2321 Ant
482 2258 606 2340 grandis
621 2258 718 2318 Ninus
733 2256 875 2316 omnibus
889 2253 1017 2315 lacertis

406 2346 532 2424 Septem
549 2341 631 2421 quod
646 2360 760 2420 pueros
774 2339 858 2399 levat
871 2337 922 2398 vel
937 2345 1024 2417 octo,

383 2430 470 2488 5Res
484 2447 547 2486 non
560 2424 698 2484 difficilis
713 2424 788 2482 mihi
802 2421 943 2499 videtur,

406 2513 476 2573 Uno
492 2530 559 2569 cum
574 2508 671 2584 digito
685 2504 827 2584 selbod,
847 2505 899 2566 vel
913 2504 986 2582 illo,

406 2596 517 2653 Portet
535 2589 634 2652 Stella
648 2608 734 2649 meus
750 2587 859 2649 decem
873 2587 1001 2670 puellas.

797 2754 877 2813 Xlll.
985 2799 989 2805 .

408 2872 497 2948 Sum,
519 2871 637 2947 fateor,
660 2886 845 2949 semperque
860 2867 922 2944 fui,
940 2863 1134 2941 callistrate,
1154 2883 1287 2945 pauper,

448 2952 511 3015 Sed
526 2973 588 3013 non
602 2955 766 3032 obscurus,
785 2971 844 3012 nec
858 2949 938 3011 male
953 2955 1045 3009 notus
1059 2965 1172 3027 eques,

406 3037 470 3098 Sed
483 3044 549 3098 toto
564 3036 654 3116 legor
669 3038 746 3098 orbe
760 3038 911 3117 frequens
928 3041 961 3095 et
976 3032 1090 3093 dicitur
1107 3033 1189 3110 „Hic
1202 3032 1289 3109 est,“

448 3121 600 3200 Quodque
615 3123 693 3182 einis
709 3123 831 3202 paucis,
853 3122 914 3181 hoc
929 3119 1006 3179 mihi
1018 3118 1080 3177 vita
1095 3114 1191 3177 dedit.

385 3206 452 3267 ont
466 3212 518 3265 tna
533 3206 673 3265 centenis
688 3207 869 3266 incumbunt
883 3211 966 3265 tecta
981 3200 1132 3263 columnis

445 3290 487 3349 Et
500 3287 664 3350 libertinas
680 3310 750 3350 arca
763 3287 902 3369 flagellat
916 3306 1007 3368 opes,

404 3373 577 3452 Magnaque
592 3371 730 3433 Niliacae
745 3376 841 3434 servit
854 3373 913 3433 tibi
928 3371 1019 3450 gleba
1034 3370 1169 3448 Syenes,

447 3456 574 3517 Tondet
587 3464 620 3517 et
633 3459 811 3519 innumeros
827 3455 947 3517 Gallica
960 3455 1070 3514 Parma
1084 3470 1204 3532 greges.

405 3540 474 3600 Hoc
489 3559 547 3618 ego
561 3548 657 3620 tuque
672 3561 791 3602 sumus:
814 3539 871 3601 aed
887 3538 1070 3619 quodsum,
1091 3556 1152 3596 non
1173 3540 1263 3617 potes
1279 3551 1364 3595 esser

366 3634 400 3685 10
449 3624 500 3685 Tu
515 3624 596 3703 qnod
611 3643 662 3704 es,
684 3644 702 3685 e
716 3626 830 3707 populo
847 3623 981 3703 quilibet
995 3641 1064 3683 esse
1079 3626 1193 3702 potest.
