3434 4575
617 579 623 592 ‚
663 521 788 579 samaa
813 522 861 573 ru.

342 663 380 725 tis
407 664 519 724 maiora
544 662 634 732 ioeis;
659 665 783 742 genialis
810 675 913 744 agatur

342 747 419 820 dies;
441 764 569 827 propera
592 749 772 810 stomachum
796 749 897 810 laxare
918 754 1047 830 saginae,

342 849 366 892 ra
390 842 538 893 servatum
562 849 701 894 consume
722 837 749 893 in
773 834 873 894 secula
898 835 1062 902 rhombum:

348 918 415 996 oapi
439 917 539 977 voluit.
550 951 590 963 -
605 916 680 992 Quid
693 917 843 997 apertius?
864 928 1001 981 ettamen
1025 921 1066 981 illi

342 1000 424 1062 ebant
446 1002 569 1070 aristae:
594 1002 663 1062 nihil
686 1013 730 1063 est
754 1003 830 1081 quod
854 1005 980 1065 eredere
1001 1005 1038 1064 de
1063 1025 1094 1065 se

342 1089 455 1165 possit,
482 1105 566 1165 quum
591 1087 733 1160 laudatur,
755 1089 907 1167 disaequa
931 1098 1070 1166 potestas.

343 1170 445 1231 deerat
469 1172 542 1251 pisci
566 1173 680 1249 patinae
703 1190 846 1232 mensura.
892 1173 1042 1234 Vocantur

360 1257 389 1314 in
413 1256 564 1315 consitium
588 1273 747 1334 proceres,
772 1274 846 1333 quos
869 1258 971 1317 oderat
995 1258 1061 1325 itte;

343 1357 436 1399 rorum
460 1340 536 1399 iaeie
557 1341 682 1400 miserae
702 1359 884 1420 magnaeque
907 1341 1026 1402 sedebat

343 1443 357 1483 r
380 1425 533 1485 amicitiae.
579 1423 707 1498 Primus,
732 1425 876 1485 clamante
899 1425 1039 1486 Liburno:

345 1518 392 1583 te,
417 1508 471 1568 iam
494 1508 583 1569 sedit!
610 1518 691 1587 rapta
715 1510 894 1588 properabat
916 1511 1014 1572 abolla

343 1611 410 1667 sus,
434 1594 574 1653 attonitae
598 1596 711 1671 positus
733 1593 820 1653 modo
856 1594 960 1654 uilicus
986 1595 1048 1655 urbi
1066 1630 1105 1640 -

366 1675 445 1736 aliud
469 1687 537 1737 tuno
560 1674 722 1756 praefecti?
750 1695 871 1756 qrrorum
895 1681 1019 1757 optimus
1043 1690 1130 1756 atque

343 1779 411 1840 pres
435 1761 532 1840 legum
555 1763 755 1821 sanctissimus
780 1764 873 1822 omnia
899 1781 1068 1842 quamquam

343 1845 454 1906 roribus
478 1846 548 1906 diris
570 1845 719 1906 tractanda
745 1846 864 1923 putabat
887 1848 988 1906 inermi

344 1931 382 1990 ia.
428 1929 515 1990 Venit
539 1938 568 1988 et
592 1928 688 2008 Crispi
712 1932 834 1990 iucunda
858 1942 1005 2005 senectus,

343 2034 350 2075 t
377 2024 460 2074 erant
482 2031 597 2089 mores,
621 2014 716 2093 qualis
739 2015 889 2090 facundia,
913 2018 981 2075 mite

342 2101 424 2167 rium;
447 2100 535 2159 maria
560 2117 595 2159 ao
619 2109 714 2159 terras
740 2099 927 2178 populosque
952 2102 1064 2178 regenti

359 2201 460 2243 eomes
483 2183 597 2259 utilior,
620 2184 644 2242 si
668 2183 751 2244 clade
774 2194 803 2244 et
827 2193 913 2262 peste
941 2184 994 2244 sub
1014 2183 1063 2245 illa

343 2268 419 2330 itiam
442 2267 578 2329 damnare
605 2277 635 2328 et
658 2267 809 2329 honestum
833 2269 939 2330 afferre
963 2269 1066 2331 liceret

343 2350 443 2415 ilium?
468 2353 520 2414 sed
545 2353 612 2432 quid
634 2352 791 2413 violentius
815 2372 885 2413 aure
909 2355 1032 2429 tyranni,

356 2455 415 2517 quo
438 2436 475 2498 de
497 2437 603 2515 pluviis
626 2447 674 2496 aut
696 2437 825 2497 aestibus
847 2447 896 2497 aut
920 2438 1050 2498 nimboso

364 2521 489 2583 locuturi
511 2522 600 2581 iatum
623 2520 770 2601 pendebat
790 2518 895 2582 amici?

345 2608 426 2685 gitur
449 2624 601 2685 numquam
627 2606 734 2666 direxit
755 2605 873 2666 brachia
897 2616 997 2666 eontra

343 2701 450 2765 entem,
477 2709 532 2750 neo
555 2691 627 2751 civis
650 2700 730 2764 erat,
755 2692 803 2770 qui
829 2689 921 2750 libera
946 2700 1048 2767 posset

343 2795 359 2837 a
383 2777 468 2836 animi
493 2774 629 2854 proferre
652 2784 681 2834 et
704 2776 789 2835 vitam
814 2775 983 2852 impendere
1005 2793 1086 2836 vero.

343 2859 439 2920 nultus
463 2859 574 2920 hiemes
597 2869 684 2937 atque
709 2861 892 2936 octogesima
913 2860 985 2919 vidit

344 2945 412 3018 itia,
435 2943 480 3004 bis
504 2944 590 3003 armis
613 2942 663 3004 illa
685 2960 803 3023 quoque
829 2953 907 3003 tutus
930 2944 958 3002 in
980 2943 1054 3004 aula.

344 3029 413 3088 imus
437 3028 566 3088 eiusdem
591 3027 769 3106 properabat
792 3027 903 3089 Acilius
927 3029 992 3088 aevi

355 3114 461 3173 iuvene
484 3111 620 3190 indigno,
643 3130 728 3191 quem
751 3122 908 3172 moratam
932 3132 1020 3175 saeva
1042 3123 1171 3174 maneret
1226 3118 1260 3175 95

343 3196 430 3257 omini
453 3195 559 3274 gladiis
582 3206 636 3255 tam
662 3197 813 3261 testinata:
836 3197 888 3256 sed
915 3197 981 3258 olim

344 3282 402 3359 ipio
423 3298 476 3360 par
500 3290 546 3341 est
567 3281 594 3339 in
618 3280 769 3341 nobilitate
794 3290 946 3341 senectus:

369 3365 416 3440 bt,
441 3373 471 3424 ut
493 3363 588 3425 malim
611 3365 785 3433 iratereulus
810 3384 878 3425 esse
902 3364 1046 3444 digentis!

344 3451 472 3527 nitergo
495 3448 565 3509 nibil
587 3451 711 3523 misero,
736 3450 813 3528 quod
840 3451 970 3509 eominus
992 3465 1077 3510 ursos

344 3542 386 3595 sat
411 3532 548 3594 Numidas
571 3533 684 3595 Albana
708 3534 799 3593 nudus
822 3552 909 3593 arena
1212 3545 1260 3596 too

345 3629 411 3687 tom
436 3620 501 3699 quis
525 3618 600 3679 enirn
624 3619 678 3678 iam
701 3636 759 3677 non
779 3618 934 3696 intellegat
947 3628 1026 3678 artes

344 3700 427 3765 aias?
451 3703 516 3782 quis
539 3704 666 3781 priscum
689 3701 759 3765 iilud
782 3704 901 3763 miratur
923 3720 1054 3777 aoumen,

344 3807 373 3865 a,
397 3783 499 3848 tuumi
523 3786 611 3848 facile
633 3796 679 3848 est
699 3786 821 3848 barbato
844 3788 995 3865 imponere
1017 3788 1090 3863 regi.
