<?xml version="1.0" encoding="UTF-8"?>
<!DOCTYPE html PUBLIC "-//W3C//DTD XHTML 1.0 Transitional//EN"
    "http://www.w3.org/TR/xhtml1/DTD/xhtml1-transitional.dtd">
<html xmlns="http://www.w3.org/1999/xhtml" xml:lang="en" lang="en">
 <head>
  <title>
</title>
<meta http-equiv="Content-Type" content="text/html;charset=utf-8" />
  <meta name='ocr-system' content='tesseract 3.04.00' />
  <meta name='ocr-capabilities' content='ocr_page ocr_carea ocr_par ocr_line ocrx_word'/>
</head>
<body>
  <div class='ocr_page' id='page_1' title='image "./satirarumlibriq00juvegoog_0336.png"; bbox 0 0 3434 4575; ppageno 0'>
   <div class='ocr_carea' id='block_1_1' title="bbox 358 468 1075 535">
    <p class='ocr_par' dir='ltr' id='par_1_1' title="bbox 358 468 1075 535">
     <span class='ocr_line' id='line_1_1' title="bbox 358 468 1075 535; baseline -0.01 -1"><span class='ocrx_word' id='word_1_1' title='bbox 358 469 420 535; x_wconf 84' lang='lat'><strong>130</strong></span> <span class='ocrx_word' id='word_1_2' title='bbox 682 469 725 529; x_wconf 85' lang='grc' dir='ltr'><strong>Μ.</strong></span> <span class='ocrx_word' id='word_1_3' title='bbox 742 469 833 532; x_wconf 83' lang='lat' dir='ltr'>VAL.</span> <span class='ocrx_word' id='word_1_4' title='bbox 849 468 1075 527; x_wconf 75' lang='lat' dir='ltr'><strong>otnlt&#39;rmbls</strong></span> 
     </span>
    </p>
   </div>
   <div class='ocr_carea' id='block_1_2' title="bbox 402 619 1345 1289">
    <p class='ocr_par' dir='ltr' id='par_1_2' title="bbox 402 619 1345 1289">
     <span class='ocr_line' id='line_1_2' title="bbox 420 619 1258 701; baseline -0.001 -17"><span class='ocrx_word' id='word_1_5' title='bbox 420 624 485 684; x_wconf 76' lang='lat' dir='ltr'><strong>ont</strong></span> <span class='ocrx_word' id='word_1_6' title='bbox 502 641 589 700; x_wconf 90' lang='lat' dir='ltr'><strong>quam</strong></span> <span class='ocrx_word' id='word_1_7' title='bbox 604 640 665 680; x_wconf 90' lang='lat' dir='ltr'><strong>uon</strong></span> <span class='ocrx_word' id='word_1_8' title='bbox 680 621 826 698; x_wconf 89' lang='lat' dir='ltr'><strong>tetricus,</strong></span> <span class='ocrx_word' id='word_1_9' title='bbox 849 641 938 698; x_wconf 91' lang='lat' dir='ltr'><strong>quam</strong></span> <span class='ocrx_word' id='word_1_10' title='bbox 954 619 1038 679; x_wconf 91' lang='lat' dir='ltr'><strong>nulla</strong></span> <span class='ocrx_word' id='word_1_11' title='bbox 1050 620 1177 682; x_wconf 89' lang='lat' dir='ltr'><strong>nubilus</strong></span> <span class='ocrx_word' id='word_1_12' title='bbox 1193 624 1258 701; x_wconf 86' lang='lat' dir='ltr'><strong>ira,</strong></span> 
     </span>
     <span class='ocr_line' id='line_1_3' title="bbox 486 703 1208 785; baseline 0.001 -20"><span class='ocrx_word' id='word_1_13' title='bbox 486 707 582 782; x_wconf 82' lang='lat' dir='ltr'><strong>Quam</strong></span> <span class='ocrx_word' id='word_1_14' title='bbox 596 703 720 785; x_wconf 91' lang='lat' dir='ltr'><strong>placido</strong></span> <span class='ocrx_word' id='word_1_15' title='bbox 734 710 856 763; x_wconf 87' lang='lat' dir='ltr'><strong>nostras</strong></span> <span class='ocrx_word' id='word_1_16' title='bbox 873 703 994 782; x_wconf 76' lang='lat' dir='ltr'><strong>legerat</strong></span> <span class='ocrx_word' id='word_1_17' title='bbox 1010 722 1064 763; x_wconf 91' lang='lat' dir='ltr'><strong>ore</strong></span> <span class='ocrx_word' id='word_1_18' title='bbox 1078 707 1208 784; x_wconf 81' lang='lat' dir='ltr'><strong>preces!</strong></span> 
     </span>
     <span class='ocr_line' id='line_1_4' title="bbox 444 787 1158 869; baseline -0.001 -20"><span class='ocrx_word' id='word_1_19' title='bbox 444 788 531 849; x_wconf 80' lang='lat' dir='ltr'><strong>&#39;Palis</strong></span> <span class='ocrx_word' id='word_1_20' title='bbox 546 787 737 869; x_wconf 81' lang='lat' dir='ltr'><strong>supplicibus</strong></span> <span class='ocrx_word' id='word_1_21' title='bbox 752 789 862 847; x_wconf 83' lang='lat' dir='ltr'>tribuit</span> <span class='ocrx_word' id='word_1_22' title='bbox 878 787 1050 847; x_wconf 88' lang='lat' dir='ltr'><strong>diademata</strong></span> <span class='ocrx_word' id='word_1_23' title='bbox 1067 788 1158 849; x_wconf 88' lang='lat' dir='ltr'><strong>Dacis</strong></span> 
     </span>
     <span class='ocr_line' id='line_1_5' title="bbox 483 871 1079 953; baseline 0 -19"><span class='ocrx_word' id='word_1_24' title='bbox 483 874 525 934; x_wconf 84' lang='lat' dir='ltr'><strong>Et</strong></span> <span class='ocrx_word' id='word_1_25' title='bbox 539 871 729 953; x_wconf 75' lang='lat' dir='ltr'><strong>Capitolinas</strong></span> <span class='ocrx_word' id='word_1_26' title='bbox 746 874 833 950; x_wconf 91' lang='lat' dir='ltr'><strong>itque</strong></span> <span class='ocrx_word' id='word_1_27' title='bbox 848 872 993 951; x_wconf 86' lang='lat' dir='ltr'><strong>reditque</strong></span> <span class='ocrx_word' id='word_1_28' title='bbox 1007 873 1079 934; x_wconf 75' lang='lat' dir='ltr'><strong>nias.</strong></span> 
     </span>
     <span class='ocr_line' id='line_1_6' title="bbox 441 955 1290 1037; baseline 0.001 -20"><span class='ocrx_word' id='word_1_29' title='bbox 441 958 498 1017; x_wconf 84' lang='lat' dir='ltr'><strong>llic</strong></span> <span class='ocrx_word' id='word_1_30' title='bbox 512 976 639 1037; x_wconf 83' lang='lat' dir='ltr'><strong>precor,</strong></span> <span class='ocrx_word' id='word_1_31' title='bbox 661 976 678 1016; x_wconf 97' lang='lat' dir='ltr'><strong>o</strong></span> <span class='ocrx_word' id='word_1_32' title='bbox 694 957 794 1015; x_wconf 81' lang='lat' dir='ltr'><strong>nostri</strong></span> <span class='ocrx_word' id='word_1_33' title='bbox 811 955 860 1014; x_wconf 89' lang='lat' dir='ltr'><strong>dic</strong></span> <span class='ocrx_word' id='word_1_34' title='bbox 877 956 998 1016; x_wconf 85' lang='lat' dir='ltr'><strong>conscia</strong></span> <span class='ocrx_word' id='word_1_35' title='bbox 1013 957 1099 1033; x_wconf 76' lang='lat' dir='ltr'><strong>virgo</strong></span> <span class='ocrx_word' id='word_1_36' title='bbox 1115 955 1290 1037; x_wconf 78' lang='lat' dir='ltr'><strong>Tonantis,</strong></span> 
     </span>
     <span class='ocr_line' id='line_1_7' title="bbox 402 1037 1195 1120; baseline -0.008 -16"><span class='ocrx_word' id='word_1_37' title='bbox 402 1055 435 1104; x_wconf 84' lang='lat'><strong>10</strong></span> <span class='ocrx_word' id='word_1_38' title='bbox 485 1041 518 1102; x_wconf 91' lang='lat' dir='ltr'><strong>Si</strong></span> <span class='ocrx_word' id='word_1_39' title='bbox 532 1048 625 1120; x_wconf 88' lang='lat' dir='ltr'><strong>negat</strong></span> <span class='ocrx_word' id='word_1_40' title='bbox 638 1043 697 1100; x_wconf 89' lang='lat' dir='ltr'><strong>boc</strong></span> <span class='ocrx_word' id='word_1_41' title='bbox 711 1038 812 1116; x_wconf 85' lang='lat' dir='ltr'><strong>voltu,</strong></span> <span class='ocrx_word' id='word_1_42' title='bbox 833 1059 893 1118; x_wconf 88' lang='lat' dir='ltr'><strong>quo</strong></span> <span class='ocrx_word' id='word_1_43' title='bbox 908 1040 990 1099; x_wconf 88' lang='lat' dir='ltr'><strong>solet</strong></span> <span class='ocrx_word' id='word_1_44' title='bbox 1004 1057 1078 1117; x_wconf 92' lang='lat' dir='ltr'><strong>ergo</strong></span> <span class='ocrx_word' id='word_1_45' title='bbox 1095 1037 1195 1098; x_wconf 72' lang='lat' dir='ltr'><strong>dare?</strong></span> 
     </span>
     <span class='ocr_line' id='line_1_8' title="bbox 443 1123 1310 1204; baseline -0.001 -18"><span class='ocrx_word' id='word_1_46' title='bbox 443 1126 494 1187; x_wconf 89' lang='lat' dir='ltr'><strong>Sic</strong></span> <span class='ocrx_word' id='word_1_47' title='bbox 509 1144 582 1204; x_wconf 84' lang='lat' dir='ltr'><strong>ego:</strong></span> <span class='ocrx_word' id='word_1_48' title='bbox 605 1127 649 1185; x_wconf 84' lang='lat' dir='ltr'><strong>sic</strong></span> <span class='ocrx_word' id='word_1_49' title='bbox 662 1125 800 1184; x_wconf 86' lang='lat' dir='ltr'><strong>breviter</strong></span> <span class='ocrx_word' id='word_1_50' title='bbox 816 1125 917 1202; x_wconf 84' lang='lat' dir='ltr'><strong>posita</strong></span> <span class='ocrx_word' id='word_1_51' title='bbox 936 1124 1012 1182; x_wconf 90' lang='lat' dir='ltr'><strong>mibi</strong></span> <span class='ocrx_word' id='word_1_52' title='bbox 1027 1123 1174 1201; x_wconf 81' lang='lat' dir='ltr'><strong>Gorgone</strong></span> <span class='ocrx_word' id='word_1_53' title='bbox 1189 1123 1310 1185; x_wconf 88' lang='lat' dir='ltr'><strong>Pallas:</strong></span> 
     </span>
     <span class='ocr_line' id='line_1_9' title="bbox 484 1207 1345 1289; baseline 0.001 -20"><span class='ocrx_word' id='word_1_54' title='bbox 484 1212 592 1289; x_wconf 81' lang='lat' dir='ltr'><strong>„Quae</strong></span> <span class='ocrx_word' id='word_1_55' title='bbox 606 1207 741 1270; x_wconf 92' lang='lat' dir='ltr'><strong>nondum</strong></span> <span class='ocrx_word' id='word_1_56' title='bbox 758 1207 827 1268; x_wconf 90' lang='lat' dir='ltr'><strong>data</strong></span> <span class='ocrx_word' id='word_1_57' title='bbox 843 1215 929 1285; x_wconf 91' lang='lat' dir='ltr'><strong>sunt,</strong></span> <span class='ocrx_word' id='word_1_58' title='bbox 952 1207 1063 1284; x_wconf 88' lang='lat' dir='ltr'><strong>stulte,</strong></span> <span class='ocrx_word' id='word_1_59' title='bbox 1085 1214 1198 1285; x_wconf 86' lang='lat' dir='ltr'><strong>negata</strong></span> <span class='ocrx_word' id='word_1_60' title='bbox 1212 1209 1345 1288; x_wconf 65' lang='lat' dir='ltr'><strong>patuar‘</strong></span> 
     </span>
    </p>
   </div>
   <div class='ocr_carea' id='block_1_3' title="bbox 855 1348 906 1409">
    <p class='ocr_par' dir='ltr' id='par_1_3' title="bbox 855 1348 906 1409">
     <span class='ocr_line' id='line_1_10' title="bbox 855 1348 906 1409; baseline 0 -1"><span class='ocrx_word' id='word_1_61' title='bbox 855 1348 906 1409; x_wconf 84' lang='lat' dir='ltr'><strong>Xl.</strong></span> 
     </span>
    </p>
   </div>
   <div class='ocr_carea' id='block_1_4' title="bbox 402 1457 1397 2295">
    <p class='ocr_par' dir='ltr' id='par_1_4' title="bbox 402 1457 1397 2295">
     <span class='ocr_line' id='line_1_11' title="bbox 444 1457 1358 1543; baseline 0.003 -22"><span class='ocrx_word' id='word_1_62' title='bbox 444 1461 532 1538; x_wconf 82' lang='lat' dir='ltr'><strong>Quod</strong></span> <span class='ocrx_word' id='word_1_63' title='bbox 547 1480 608 1521; x_wconf 91' lang='lat' dir='ltr'><strong>non</strong></span> <span class='ocrx_word' id='word_1_64' title='bbox 624 1461 664 1519; x_wconf 85' lang='lat' dir='ltr'><strong>sit</strong></span> <span class='ocrx_word' id='word_1_65' title='bbox 679 1457 813 1540; x_wconf 82' lang='lat' dir='ltr'><strong>Pylades</strong></span> <span class='ocrx_word' id='word_1_66' title='bbox 826 1461 886 1520; x_wconf 89' lang='lat' dir='ltr'><strong>boc</strong></span> <span class='ocrx_word' id='word_1_67' title='bbox 899 1466 1056 1540; x_wconf 89' lang='lat' dir='ltr'><strong>tempore,</strong></span> <span class='ocrx_word' id='word_1_68' title='bbox 1077 1479 1139 1518; x_wconf 91' lang='lat' dir='ltr'><strong>non</strong></span> <span class='ocrx_word' id='word_1_69' title='bbox 1154 1461 1197 1520; x_wconf 88' lang='lat' dir='ltr'><strong>sit</strong></span> <span class='ocrx_word' id='word_1_70' title='bbox 1213 1462 1358 1543; x_wconf 80' lang='lat' dir='ltr'><strong>Orestes,</strong></span> 
     </span>
     <span class='ocr_line' id='line_1_12' title="bbox 486 1542 1222 1624; baseline 0 -19"><span class='ocrx_word' id='word_1_71' title='bbox 486 1544 635 1605; x_wconf 70' lang='lat' dir='ltr'><strong>Miraris?</strong></span> <span class='ocrx_word' id='word_1_72' title='bbox 663 1542 813 1623; x_wconf 85' lang='lat' dir='ltr'><strong>Pylades,</strong></span> <span class='ocrx_word' id='word_1_73' title='bbox 831 1545 957 1622; x_wconf 89' lang='lat' dir='ltr'><strong>Marce,</strong></span> <span class='ocrx_word' id='word_1_74' title='bbox 979 1545 1106 1603; x_wconf 80' lang='lat' dir='ltr'><strong>bibebat</strong></span> <span class='ocrx_word' id='word_1_75' title='bbox 1118 1542 1222 1624; x_wconf 86' lang='lat' dir='ltr'><strong>idem,</strong></span> 
     </span>
     <span class='ocr_line' id='line_1_13' title="bbox 443 1627 1207 1708; baseline -0.004 -17"><span class='ocrx_word' id='word_1_76' title='bbox 443 1629 510 1691; x_wconf 85' lang='lat' dir='ltr'><strong>Nec</strong></span> <span class='ocrx_word' id='word_1_77' title='bbox 524 1628 635 1688; x_wconf 88' lang='lat' dir='ltr'><strong>melior</strong></span> <span class='ocrx_word' id='word_1_78' title='bbox 649 1628 736 1708; x_wconf 87' lang='lat' dir='ltr'><strong>panis</strong></span> <span class='ocrx_word' id='word_1_79' title='bbox 751 1627 899 1688; x_wconf 82' lang='lat' dir='ltr'><strong>turdusve</strong></span> <span class='ocrx_word' id='word_1_80' title='bbox 914 1628 1042 1687; x_wconf 89' lang='lat' dir='ltr'><strong>dabatur</strong></span> <span class='ocrx_word' id='word_1_81' title='bbox 1058 1627 1207 1708; x_wconf 82' lang='lat' dir='ltr'><strong>Orestae,</strong></span> 
     </span>
     <span class='ocr_line' id='line_1_14' title="bbox 486 1710 1166 1793; baseline -0.001 -20"><span class='ocrx_word' id='word_1_82' title='bbox 486 1712 549 1773; x_wconf 87' lang='lat' dir='ltr'><strong>Sed</strong></span> <span class='ocrx_word' id='word_1_83' title='bbox 562 1733 619 1793; x_wconf 90' lang='lat' dir='ltr'><strong>par</strong></span> <span class='ocrx_word' id='word_1_84' title='bbox 636 1718 728 1791; x_wconf 89' lang='lat' dir='ltr'><strong>atque</strong></span> <span class='ocrx_word' id='word_1_85' title='bbox 743 1711 851 1772; x_wconf 88' lang='lat' dir='ltr'><strong>eadem</strong></span> <span class='ocrx_word' id='word_1_86' title='bbox 867 1731 942 1771; x_wconf 88' lang='lat' dir='ltr'><strong>cena</strong></span> <span class='ocrx_word' id='word_1_87' title='bbox 957 1710 1075 1771; x_wconf 87' lang='lat' dir='ltr'><strong>duobus</strong></span> <span class='ocrx_word' id='word_1_88' title='bbox 1090 1718 1166 1772; x_wconf 86' lang='lat' dir='ltr'><strong>erat.</strong></span> 
     </span>
     <span class='ocr_line' id='line_1_15' title="bbox 423 1793 1230 1874; baseline -0.005 -14"><span class='ocrx_word' id='word_1_89' title='bbox 423 1797 496 1860; x_wconf 73' lang='lat' dir='ltr'><strong>auu</strong></span> <span class='ocrx_word' id='word_1_90' title='bbox 511 1797 645 1857; x_wconf 89' lang='lat' dir='ltr'><strong>Lucrina</strong></span> <span class='ocrx_word' id='word_1_91' title='bbox 659 1815 764 1872; x_wconf 85' lang='lat' dir='ltr'><strong>voras,</strong></span> <span class='ocrx_word' id='word_1_92' title='bbox 784 1814 834 1855; x_wconf 91' lang='lat' dir='ltr'><strong>me</strong></span> <span class='ocrx_word' id='word_1_93' title='bbox 848 1796 947 1874; x_wconf 90' lang='lat' dir='ltr'><strong>pascit</strong></span> <span class='ocrx_word' id='word_1_94' title='bbox 962 1814 1074 1874; x_wconf 89' lang='lat' dir='ltr'><strong>aquosa</strong></span> <span class='ocrx_word' id='word_1_95' title='bbox 1089 1793 1230 1856; x_wconf 85' lang='lat' dir='ltr'><strong>Peioris:</strong></span> 
     </span>
     <span class='ocr_line' id='line_1_16' title="bbox 486 1879 1286 1960; baseline 0.003 -19"><span class='ocrx_word' id='word_1_96' title='bbox 486 1881 554 1941; x_wconf 90' lang='lat' dir='ltr'><strong>Non</strong></span> <span class='ocrx_word' id='word_1_97' title='bbox 569 1883 668 1940; x_wconf 90' lang='lat' dir='ltr'><strong>minus</strong></span> <span class='ocrx_word' id='word_1_98' title='bbox 682 1881 816 1959; x_wconf 87' lang='lat' dir='ltr'><strong>ingenua</strong></span> <span class='ocrx_word' id='word_1_99' title='bbox 831 1891 880 1938; x_wconf 83' lang='lat' dir='ltr'><strong>eat</strong></span> <span class='ocrx_word' id='word_1_100' title='bbox 895 1880 1032 1956; x_wconf 89' lang='lat' dir='ltr'><strong>etmihi,</strong></span> <span class='ocrx_word' id='word_1_101' title='bbox 1055 1880 1180 1958; x_wconf 90' lang='lat' dir='ltr'><strong>Marce,</strong></span> <span class='ocrx_word' id='word_1_102' title='bbox 1203 1879 1286 1960; x_wconf 85' lang='lat' dir='ltr'><strong>gula.</strong></span> 
     </span>
     <span class='ocr_line' id='line_1_17' title="bbox 445 1960 1227 2042; baseline -0.004 -16"><span class='ocrx_word' id='word_1_103' title='bbox 445 1967 493 2027; x_wconf 85' lang='lat' dir='ltr'><strong>Te</strong></span> <span class='ocrx_word' id='word_1_104' title='bbox 509 1964 643 2025; x_wconf 75' lang='lat' dir='ltr'><strong>Cadmca</strong></span> <span class='ocrx_word' id='word_1_105' title='bbox 660 1963 780 2042; x_wconf 79' lang='lat' dir='ltr'><strong>Tyros,</strong></span> <span class='ocrx_word' id='word_1_106' title='bbox 800 1982 849 2023; x_wconf 87' lang='lat' dir='ltr'><strong>me</strong></span> <span class='ocrx_word' id='word_1_107' title='bbox 863 1965 984 2042; x_wconf 89' lang='lat' dir='ltr'><strong>pinguis</strong></span> <span class='ocrx_word' id='word_1_108' title='bbox 1001 1960 1104 2024; x_wconf 88' lang='lat' dir='ltr'><strong>Gallia</strong></span> <span class='ocrx_word' id='word_1_109' title='bbox 1116 1964 1227 2025; x_wconf 76' lang='lat' dir='ltr'><strong>nestit:</strong></span> 
     </span>
     <span class='ocr_line' id='line_1_18' title="bbox 485 2046 1231 2128; baseline -0.003 -18"><span class='ocrx_word' id='word_1_110' title='bbox 485 2049 542 2112; x_wconf 84' lang='lat' dir='ltr'><strong>Vis</strong></span> <span class='ocrx_word' id='word_1_111' title='bbox 554 2055 587 2108; x_wconf 89' lang='lat' dir='ltr'><strong>te</strong></span> <span class='ocrx_word' id='word_1_112' title='bbox 601 2065 807 2128; x_wconf 90' lang='lat' dir='ltr'><strong>purpureum,</strong></span> <span class='ocrx_word' id='word_1_113' title='bbox 827 2046 953 2126; x_wconf 82' lang='lat' dir='ltr'><strong>Marce,</strong></span> <span class='ocrx_word' id='word_1_114' title='bbox 975 2054 1096 2126; x_wconf 88' lang='lat' dir='ltr'><strong>sagatus</strong></span> <span class='ocrx_word' id='word_1_115' title='bbox 1111 2049 1231 2108; x_wconf 74' lang='lat' dir='ltr'><strong>amem?</strong></span> 
     </span>
     <span class='ocr_line' id='line_1_19' title="bbox 443 2124 1397 2212; baseline 0 -17"><span class='ocrx_word' id='word_1_116' title='bbox 443 2134 487 2195; x_wconf 92' lang='lat' dir='ltr'><strong>Ut</strong></span> <span class='ocrx_word' id='word_1_117' title='bbox 499 2138 655 2212; x_wconf 81' lang='lat' dir='ltr'><strong>praestem</strong></span> <span class='ocrx_word' id='word_1_118' title='bbox 669 2128 824 2210; x_wconf 80' lang='lat' dir='ltr'><strong>Pyladen,</strong></span> <span class='ocrx_word' id='word_1_119' title='bbox 847 2129 959 2211; x_wconf 88' lang='lat' dir='ltr'><strong>aliquis</strong></span> <span class='ocrx_word' id='word_1_120' title='bbox 975 2133 1049 2191; x_wconf 91' lang='lat' dir='ltr'><strong>mibi</strong></span> <span class='ocrx_word' id='word_1_121' title='bbox 1062 2136 1204 2210; x_wconf 91' lang='lat' dir='ltr'><strong>praestet</strong></span> <span class='ocrx_word' id='word_1_122' title='bbox 1220 2132 1364 2196; x_wconf 84' lang='lat' dir='ltr'><strong>Oresten.</strong></span> <span class='ocrx_word' id='word_1_123' title='bbox 1391 2124 1397 2135; x_wconf 82' lang='grc'>’</span> 
     </span>
     <span class='ocr_line' id='line_1_20' title="bbox 402 2215 1249 2295; baseline -0.005 -15"><span class='ocrx_word' id='word_1_124' title='bbox 402 2230 437 2280; x_wconf 86' lang='grc'><strong>10</strong></span> <span class='ocrx_word' id='word_1_125' title='bbox 485 2217 553 2276; x_wconf 88' lang='lat' dir='ltr'><strong>lloo</strong></span> <span class='ocrx_word' id='word_1_126' title='bbox 566 2235 628 2274; x_wconf 91' lang='lat' dir='ltr'><strong>non</strong></span> <span class='ocrx_word' id='word_1_127' title='bbox 642 2215 679 2273; x_wconf 83' lang='lat' dir='ltr'><strong>tit</strong></span> <span class='ocrx_word' id='word_1_128' title='bbox 691 2216 810 2292; x_wconf 75' lang='lat' dir='ltr'><strong>verbis,</strong></span> <span class='ocrx_word' id='word_1_129' title='bbox 832 2215 956 2275; x_wconf 90' lang='lat' dir='ltr'><strong>Marce:</strong></span> <span class='ocrx_word' id='word_1_130' title='bbox 977 2222 1012 2275; x_wconf 94' lang='lat' dir='ltr'><strong>ut</strong></span> <span class='ocrx_word' id='word_1_131' title='bbox 1027 2216 1154 2295; x_wconf 88' lang='lat' dir='ltr'><strong>ameris,</strong></span> <span class='ocrx_word' id='word_1_132' title='bbox 1172 2235 1249 2276; x_wconf 85' lang='lat' dir='ltr'><strong>ama.</strong></span> 
     </span>
    </p>
   </div>
   <div class='ocr_carea' id='block_1_5' title="bbox 850 2350 914 2411">
    <p class='ocr_par' dir='ltr' id='par_1_5' title="bbox 850 2350 914 2411">
     <span class='ocr_line' id='line_1_21' title="bbox 850 2350 914 2411; baseline 0.016 -2"><span class='ocrx_word' id='word_1_133' title='bbox 850 2350 914 2411; x_wconf 86' lang='lat' dir='ltr'><strong>Xll.</strong></span> 
     </span>
    </p>
   </div>
   <div class='ocr_carea' id='block_1_6' title="bbox 443 2461 1106 2644">
    <p class='ocr_par' dir='ltr' id='par_1_6' title="bbox 443 2461 1106 2644">
     <span class='ocr_line' id='line_1_22' title="bbox 444 2461 1072 2542; baseline -0.008 -18"><span class='ocrx_word' id='word_1_134' title='bbox 444 2466 528 2525; x_wconf 90' lang='lat' dir='ltr'><strong>Iurat</strong></span> <span class='ocrx_word' id='word_1_135' title='bbox 542 2461 670 2542; x_wconf 86' lang='lat' dir='ltr'><strong>capillos</strong></span> <span class='ocrx_word' id='word_1_136' title='bbox 689 2481 774 2541; x_wconf 86' lang='lat' dir='ltr'><strong>esse,</strong></span> <span class='ocrx_word' id='word_1_137' title='bbox 797 2482 874 2541; x_wconf 88' lang='lat' dir='ltr'><strong>qnos</strong></span> <span class='ocrx_word' id='word_1_138' title='bbox 890 2463 980 2539; x_wconf 92' lang='lat' dir='ltr'><strong>emit,</strong></span> <span class='ocrx_word' id='word_1_139' title='bbox 1002 2480 1072 2520; x_wconf 92' lang='lat' dir='ltr'><strong>suos</strong></span> 
     </span>
     <span class='ocr_line' id='line_1_23' title="bbox 443 2543 1106 2644; baseline -0.011 -35"><span class='ocrx_word' id='word_1_140' title='bbox 443 2545 588 2609; x_wconf 85' lang='lat' dir='ltr'><strong>Fabulla:</strong></span> <span class='ocrx_word' id='word_1_141' title='bbox 612 2545 775 2625; x_wconf 89' lang='lat' dir='ltr'><strong>numquid,</strong></span> <span class='ocrx_word' id='word_1_142' title='bbox 796 2543 944 2625; x_wconf 88' lang='lat' dir='ltr'><strong>†Paulc,</strong></span> <span class='ocrx_word' id='word_1_143' title='bbox 964 2544 1106 2644; x_wconf 70' lang='lat' dir='ltr'><strong>peierat?</strong></span> 
     </span>
    </p>
   </div>
   <div class='ocr_carea' id='block_1_7' title="bbox 842 2679 921 2741">
    <p class='ocr_par' dir='ltr' id='par_1_7' title="bbox 842 2679 921 2741">
     <span class='ocr_line' id='line_1_24' title="bbox 842 2679 921 2741; baseline 0.025 -2"><span class='ocrx_word' id='word_1_144' title='bbox 842 2679 921 2741; x_wconf 86' lang='lat' dir='ltr'><strong>Xlll.</strong></span> 
     </span>
    </p>
   </div>
   <div class='ocr_carea' id='block_1_8' title="bbox 422 2788 1285 3460">
    <p class='ocr_par' dir='ltr' id='par_1_8' title="bbox 445 2788 1189 2955">
     <span class='ocr_line' id='line_1_25' title="bbox 445 2788 1159 2870; baseline -0.006 -17"><span class='ocrx_word' id='word_1_145' title='bbox 445 2795 519 2870; x_wconf 82' lang='lat' dir='ltr'><strong>Quis</strong></span> <span class='ocrx_word' id='word_1_146' title='bbox 535 2800 568 2853; x_wconf 92' lang='lat' dir='ltr'><strong>te</strong></span> <span class='ocrx_word' id='word_1_147' title='bbox 582 2790 729 2853; x_wconf 88' lang='lat' dir='ltr'><strong>Phidiaco</strong></span> <span class='ocrx_word' id='word_1_148' title='bbox 743 2791 921 2870; x_wconf 88' lang='lat' dir='ltr'><strong>formatam,</strong></span> <span class='ocrx_word' id='word_1_149' title='bbox 942 2788 1034 2867; x_wconf 89' lang='lat' dir='ltr'><strong>iulia,</strong></span> <span class='ocrx_word' id='word_1_150' title='bbox 1058 2788 1159 2869; x_wconf 90' lang='lat' dir='ltr'><strong>caelo,</strong></span> 
     </span>
     <span class='ocr_line' id='line_1_26' title="bbox 487 2872 1189 2955; baseline -0.01 -16"><span class='ocrx_word' id='word_1_151' title='bbox 487 2875 547 2939; x_wconf 92' lang='lat' dir='ltr'><strong>Vel</strong></span> <span class='ocrx_word' id='word_1_152' title='bbox 564 2877 631 2954; x_wconf 90' lang='lat' dir='ltr'><strong>quis</strong></span> <span class='ocrx_word' id='word_1_153' title='bbox 645 2873 804 2935; x_wconf 89' lang='lat' dir='ltr'><strong>Palladiae</strong></span> <span class='ocrx_word' id='word_1_154' title='bbox 819 2895 882 2935; x_wconf 87' lang='lat' dir='ltr'><strong>non</strong></span> <span class='ocrx_word' id='word_1_155' title='bbox 895 2881 986 2955; x_wconf 91' lang='lat' dir='ltr'><strong>putet</strong></span> <span class='ocrx_word' id='word_1_156' title='bbox 1000 2874 1075 2934; x_wconf 88' lang='lat' dir='ltr'><strong>artis</strong></span> <span class='ocrx_word' id='word_1_157' title='bbox 1090 2872 1189 2953; x_wconf 73' lang='lat' dir='ltr'><strong>opus?</strong></span> 
     </span>
    </p>

    <p class='ocr_par' dir='ltr' id='par_1_9' title="bbox 446 2955 1285 3124">
     <span class='ocr_line' id='line_1_27' title="bbox 446 2955 1285 3039; baseline -0.005 -17"><span class='ocrx_word' id='word_1_158' title='bbox 446 2960 585 3022; x_wconf 79' lang='lat' dir='ltr'><strong>Candida</strong></span> <span class='ocrx_word' id='word_1_159' title='bbox 599 2978 660 3020; x_wconf 89' lang='lat' dir='ltr'><strong>non</strong></span> <span class='ocrx_word' id='word_1_160' title='bbox 675 2960 769 3019; x_wconf 88' lang='lat' dir='ltr'><strong>tacita</strong></span> <span class='ocrx_word' id='word_1_161' title='bbox 782 2958 953 3039; x_wconf 86' lang='lat' dir='ltr'><strong>respondet</strong></span> <span class='ocrx_word' id='word_1_162' title='bbox 968 2958 1100 3035; x_wconf 83' lang='lat' dir='ltr'><strong>imagine</strong></span> <span class='ocrx_word' id='word_1_163' title='bbox 1114 2955 1228 3036; x_wconf 77' lang='lat' dir='ltr'><strong>lygdos</strong></span> <span class='ocrx_word' id='word_1_164' title='bbox 1281 3028 1285 3035; x_wconf 21' lang='lat'>⁵</span> 
     </span>
     <span class='ocr_line' id='line_1_28' title="bbox 486 3040 1121 3124; baseline -0.006 -18"><span class='ocrx_word' id='word_1_165' title='bbox 486 3045 529 3106; x_wconf 80' lang='lat' dir='ltr'><strong>Et</strong></span> <span class='ocrx_word' id='word_1_166' title='bbox 541 3041 779 3124; x_wconf 85' lang='lat' dir='ltr'><strong>placidolulget</strong></span> <span class='ocrx_word' id='word_1_167' title='bbox 793 3044 878 3103; x_wconf 83' lang='lat' dir='ltr'><strong>virus</strong></span> <span class='ocrx_word' id='word_1_168' title='bbox 892 3044 924 3102; x_wconf 90' lang='lat' dir='ltr'><strong>in</strong></span> <span class='ocrx_word' id='word_1_169' title='bbox 940 3061 994 3103; x_wconf 90' lang='lat' dir='ltr'><strong>ore</strong></span> <span class='ocrx_word' id='word_1_170' title='bbox 1008 3040 1121 3120; x_wconf 87' lang='lat' dir='ltr'><strong>liquor.</strong></span> 
     </span>
    </p>

    <p class='ocr_par' dir='ltr' id='par_1_10' title="bbox 422 3124 1280 3206">
     <span class='ocr_line' id='line_1_29' title="bbox 422 3124 1280 3206; baseline -0.003 -15"><span class='ocrx_word' id='word_1_171' title='bbox 422 3128 540 3191; x_wconf 74' lang='lat' dir='ltr'><strong>abacto</strong></span> <span class='ocrx_word' id='word_1_172' title='bbox 553 3125 709 3205; x_wconf 79' lang='lat' dir='ltr'><strong>Acidalio,</strong></span> <span class='ocrx_word' id='word_1_173' title='bbox 731 3126 864 3187; x_wconf 88' lang='lat' dir='ltr'><strong>sednon</strong></span> <span class='ocrx_word' id='word_1_174' title='bbox 881 3145 986 3187; x_wconf 85' lang='lat' dir='ltr'><strong>manus</strong></span> <span class='ocrx_word' id='word_1_175' title='bbox 1002 3144 1127 3205; x_wconf 90' lang='lat' dir='ltr'><strong>aspera,</strong></span> <span class='ocrx_word' id='word_1_176' title='bbox 1148 3124 1250 3206; x_wconf 77' lang='lat' dir='ltr'><strong>nodo,</strong></span> <span class='ocrx_word' id='word_1_177' title='bbox 1269 3142 1280 3161; x_wconf 91' lang='lat'><strong>·</strong></span> 
     </span>
    </p>

    <p class='ocr_par' dir='ltr' id='par_1_11' title="bbox 488 3208 1171 3291">
     <span class='ocr_line' id='line_1_30' title="bbox 488 3208 1171 3291; baseline -0.001 -19"><span class='ocrx_word' id='word_1_178' title='bbox 488 3213 586 3288; x_wconf 79' lang='lat' dir='ltr'><strong>Quem</strong></span> <span class='ocrx_word' id='word_1_179' title='bbox 599 3212 703 3291; x_wconf 81' lang='lat' dir='ltr'><strong>rapuit</strong></span> <span class='ocrx_word' id='word_1_180' title='bbox 717 3209 815 3290; x_wconf 93' lang='lat' dir='ltr'><strong>collo,</strong></span> <span class='ocrx_word' id='word_1_181' title='bbox 837 3228 932 3291; x_wconf 81' lang='lat' dir='ltr'><strong>parve</strong></span> <span class='ocrx_word' id='word_1_182' title='bbox 948 3208 1085 3290; x_wconf 79' lang='lat' dir='ltr'><strong>(lupido,</strong></span> <span class='ocrx_word' id='word_1_183' title='bbox 1106 3215 1171 3272; x_wconf 90' lang='lat' dir='ltr'><strong>tuo.</strong></span> 
     </span>
    </p>

    <p class='ocr_par' dir='ltr' id='par_1_12' title="bbox 445 3293 1265 3460">
     <span class='ocr_line' id='line_1_31' title="bbox 445 3293 1265 3373; baseline -0.004 -16"><span class='ocrx_word' id='word_1_184' title='bbox 445 3298 489 3359; x_wconf 91' lang='lat' dir='ltr'><strong>Ut</strong></span> <span class='ocrx_word' id='word_1_185' title='bbox 502 3296 792 3357; x_wconf 85' lang='lat' dir='ltr'><strong>Martisrcvocetur</strong></span> <span class='ocrx_word' id='word_1_186' title='bbox 807 3315 892 3355; x_wconf 87' lang='lat' dir='ltr'><strong>amor</strong></span> <span class='ocrx_word' id='word_1_187' title='bbox 907 3296 1077 3372; x_wconf 88' lang='lat' dir='ltr'><strong>summique</strong></span> <span class='ocrx_word' id='word_1_188' title='bbox 1093 3293 1265 3373; x_wconf 87' lang='lat' dir='ltr'><strong>Tonantis,</strong></span> 
     </span>
     <span class='ocr_line' id='line_1_32' title="bbox 487 3378 1133 3460; baseline -0.003 -20"><span class='ocrx_word' id='word_1_189' title='bbox 487 3382 513 3440; x_wconf 88' lang='lat' dir='ltr'>A</span> <span class='ocrx_word' id='word_1_190' title='bbox 529 3388 560 3439; x_wconf 91' lang='lat' dir='ltr'><strong>te</strong></span> <span class='ocrx_word' id='word_1_191' title='bbox 576 3381 650 3441; x_wconf 91' lang='lat' dir='ltr'><strong>luno</strong></span> <span class='ocrx_word' id='word_1_192' title='bbox 665 3386 753 3460; x_wconf 90' lang='lat' dir='ltr'><strong>petat</strong></span> <span class='ocrx_word' id='word_1_193' title='bbox 767 3384 874 3439; x_wconf 87' lang='lat' dir='ltr'><strong>ceston</strong></span> <span class='ocrx_word' id='word_1_194' title='bbox 890 3380 1003 3458; x_wconf 87' lang='lat' dir='ltr'><strong>etipsa</strong></span> <span class='ocrx_word' id='word_1_195' title='bbox 1018 3378 1133 3440; x_wconf 85' lang='lat' dir='ltr'><strong>Venus.</strong></span> 
     </span>
    </p>
   </div>
   <div class='ocr_carea' id='block_1_9' title="bbox 837 3512 917 3574">
    <p class='ocr_par' dir='ltr' id='par_1_13' title="bbox 837 3512 917 3574">
     <span class='ocr_line' id='line_1_33' title="bbox 837 3512 917 3574; baseline 0.013 -2"><span class='ocrx_word' id='word_1_196' title='bbox 837 3512 917 3574; x_wconf 88' lang='lat' dir='ltr'><strong>XIV.</strong></span> 
     </span>
    </p>
   </div>
   <div class='ocr_carea' id='block_1_10' title="bbox 440 3625 1103 3790">
    <p class='ocr_par' dir='ltr' id='par_1_14' title="bbox 440 3625 1103 3790">
     <span class='ocr_line' id='line_1_34' title="bbox 440 3625 1018 3705; baseline -0.003 -18"><span class='ocrx_word' id='word_1_197' title='bbox 440 3627 558 3688; x_wconf 85' lang='lat' dir='ltr'><strong>Versus</strong></span> <span class='ocrx_word' id='word_1_198' title='bbox 574 3628 713 3687; x_wconf 87' lang='lat' dir='ltr'><strong>scribere</strong></span> <span class='ocrx_word' id='word_1_199' title='bbox 728 3631 868 3705; x_wconf 84' lang='lat' dir='ltr'><strong>possete</strong></span> <span class='ocrx_word' id='word_1_200' title='bbox 885 3625 1018 3685; x_wconf 85' lang='lat' dir='ltr'><strong>disertos</strong></span> 
     </span>
     <span class='ocr_line' id='line_1_35' title="bbox 442 3707 1103 3790; baseline -0.002 -22"><span class='ocrx_word' id='word_1_201' title='bbox 442 3710 604 3790; x_wconf 84' lang='lat' dir='ltr'><strong>Affirmas,</strong></span> <span class='ocrx_word' id='word_1_202' title='bbox 625 3710 754 3770; x_wconf 88' lang='lat' dir='ltr'><strong>Laberi:</strong></span> <span class='ocrx_word' id='word_1_203' title='bbox 778 3707 851 3789; x_wconf 80' lang='lat' dir='ltr'><strong>quid</strong></span> <span class='ocrx_word' id='word_1_204' title='bbox 865 3728 940 3788; x_wconf 89' lang='lat' dir='ltr'><strong>crgo</strong></span> <span class='ocrx_word' id='word_1_205' title='bbox 955 3728 1016 3767; x_wconf 91' lang='lat' dir='ltr'><strong>nou</strong></span> <span class='ocrx_word' id='word_1_206' title='bbox 1037 3707 1103 3767; x_wconf 73' lang='lat' dir='ltr'><strong>vis?</strong></span> 
     </span>
    </p>
   </div>
   <div class='ocr_carea' id='block_1_11' title="bbox 265 3873 381 4019">
    <p class='ocr_par' dir='ltr' id='par_1_15' title="bbox 265 3873 381 4019">
     <span class='ocr_line' id='line_1_36' title="bbox 265 3873 381 4019; baseline 0 0"><span class='ocrx_word' id='word_1_207' title='bbox 265 3873 381 4019; x_wconf 58' lang='grc' dir='ltr'>ἱ</span> 
     </span>
    </p>
   </div>
   <div class='ocr_carea' id='block_1_12' title="bbox 0 0 1722 4575">
    <p class='ocr_par' dir='ltr' id='par_1_16' title="bbox 0 0 1722 4575">
     <span class='ocr_line' id='line_1_37' title="bbox 0 0 1722 4575; baseline 0 0"><span class='ocrx_word' id='word_1_208' title='bbox 0 0 1722 4575; x_wconf 95' lang='lat' dir='ltr'><strong> </strong></span> 
     </span>
    </p>
   </div>
  </div>
 </body>
</html>
