3434 4575
328 449 392 512 244
654 453 698 515 M.
716 452 1050 514 νΛι.ΜΑ1ιΤιΑι18

413 603 476 663 Gur
490 603 589 663 irater
604 604 661 662 tibi
676 601 779 681 dicor,
801 623 838 664 ex
852 604 980 664 Hiberis

411 686 453 744 Et
468 685 567 746 Celtis
582 689 703 765 genitus
719 688 858 767 Tagique
875 689 972 747 civis?

390 770 462 830 5An
478 769 562 829 voltu
577 769 692 830 similes
706 771 844 830 videmur
861 773 954 831 esse?

412 853 462 912 Tu
477 855 555 913 flexa
569 854 685 913 nitidus
700 876 785 915 coma
799 857 932 933 vagaris,

411 938 556 1017 llispanis
571 957 628 1016 ego
645 946 805 998 contumax
819 938 957 1018 capillis3

409 1022 501 1081 Levis
517 1021 650 1102 dropace
665 1028 698 1081 tn
714 1022 886 1100 cotidiano,

410 1106 546 1165 Hirsutis
561 1125 618 1184 ego
634 1108 773 1166 cruribus
788 1108 953 1184 genisque3

370 1190 451 1251 100¹
466 1188 603 1249 blaesum
617 1192 674 1249 tibi
690 1190 863 1267 debilisque
877 1190 982 1268 lingna
997 1197 1065 1273 est,

408 1275 504 1332 Nobis
519 1272 622 1333 tistula
636 1275 748 1334 fortius
762 1272 924 1353 loquetur:

411 1357 487 1416 Tam
503 1356 607 1436 dispar
622 1357 742 1436 aquilae
759 1357 899 1417 columba
913 1377 975 1416 non
989 1365 1055 1435 est,

408 1441 473 1499 Nec
489 1438 597 1498 dorcas
612 1441 712 1518 rigido
726 1442 817 1519 fugax
830 1441 925 1502 leoni.

409 1524 511 1599 Quare
527 1522 634 1583 desine
649 1542 698 1583 me
714 1544 824 1584 vocare
838 1526 984 1599 fratrem,

366 1607 452 1668 loNe
468 1617 515 1683 te,
540 1607 764 1686 Charmenion,
785 1627 891 1668 vocem
907 1626 1056 1669 sororem.

795 1741 902 1804 LXVI.

409 1860 503 1936 Quis,
525 1878 618 1938 rogo,
637 1866 699 1920 tam
716 1860 827 1937 durus,
850 1860 917 1938 quis
932 1864 994 1918 tam
1009 1859 1069 1919 fnit
1083 1858 1141 1920 ille
1158 1867 1326 1943 superbus,

452 1944 511 2019 Qui
526 1945 616 2003 iussit
628 1945 699 2004 ficri
713 1951 762 2022 te,
784 1944 1005 2022 Tlrcopompe,
1025 1945 1156 2004 cocum?

407 2029 495 2086 lianc
510 2026 622 2107 aliquis
636 2028 746 2087 faciem
761 2031 849 2106 nigra
863 2025 980 2086 violare
996 2026 1097 2087 culina

450 2112 605 2187 Sustinet,
626 2113 680 2170 has
696 2119 789 2170 uncto
804 2110 919 2190 polluit
932 2111 1003 2188 igne
1020 2113 1146 2171 comas?

384 2195 482 2269 5th
497 2195 599 2272 potius
615 2195 741 2272 cyathos
759 2200 810 2253 ant
824 2197 892 2273 quis
909 2193 1054 2272 crystalla
1069 2198 1219 2257 tenebit?

448 2277 514 2353 Qua
529 2277 650 2356 sapient
663 2276 773 2336 melius
788 2279 881 2338 mixta
896 2277 1029 2342 Falerna
1043 2281 1156 2341 manu?

406 2362 439 2419 Si
454 2366 516 2419 tam
530 2357 669 2419 sidereos
684 2367 787 2420 manet
803 2363 902 2422 exitus
916 2366 976 2423 iste
991 2364 1167 2444 ministros,

447 2441 585 2521 luppiter
600 2449 704 2503 utatur
718 2447 775 2504 iam
794 2446 973 2525 Ganymede
989 2466 1071 2507 coco.

779 2581 899 2642 LXVll.

404 2689 543 2768 Pyrrhae
559 2691 639 2768 iilia,
662 2694 804 2753 Nestoris
819 2712 967 2769 noverca,

407 2775 502 2850 Quam
516 2775 593 2836 vidit
607 2777 707 2837 Niobe
722 2778 826 2857 puella
841 2797 960 2855 canam,

403 2859 532 2918 Laertes
547 2862 642 2919 ariam
659 2880 754 2921 senex
767 2862 901 2936 vocavit,

402 2941 560 3001 Nutricem
575 2944 731 3023 Priamus,
747 2966 867 3005 socrum
883 2945 1055 3023 Thyestes,

381 3024 465 3083 olam
481 3027 655 3087 cornicibus
670 3032 809 3089 omnihus
824 3035 999 3109 superstes,

402 3108 471 3166 Hoc
486 3109 612 3170 tandem
626 3113 684 3173 sita
697 3116 799 3193 prurit
813 3115 846 3172 in
861 3110 1004 3193 sepulcro

402 3188 496 3253 Calvo
512 3192 614 3255 Plotia
629 3216 696 3256 cum
712 3196 936 3259 Melanthione.

774 3331 907 3393 LXVlll.

401 3442 477 3503 Gum
492 3445 548 3503 tihi
563 3464 625 3504 non
640 3446 781 3525 Ephesos
795 3464 854 3504 nec
869 3446 910 3504 sit
924 3443 1050 3504 Rhodos
1069 3450 1122 3503 aut
1136 3444 1315 3526 Mitylene,

444 3526 506 3586 Sed
523 3527 629 3588 domus
642 3529 675 3587 in
689 3530 774 3605 vico,
797 3526 920 3605 Laelia,
942 3529 1090 3607 patricio,

401 3609 508 3688 Deque
524 3610 670 3671 coloratis
687 3631 840 3691 nunqnam
855 3608 912 3671 lita
928 3617 1026 3672 mater
1040 3612 1204 3692 Etruscis,

441 3694 542 3755 Durus
557 3697 682 3755 Aricina
697 3694 737 3754 de
751 3696 880 3775 regione
895 3702 1000 3777 pater3

263 3879 352 4037 ἱ
