3434 4575
360 470 423 535 aas
511 438 516 447 ’
622 483 625 487 ’
684 469 728 529 ιιι.
744 467 835 529 ιιι.
850 465 1076 528 mnnnnms

842 669 920 732 XLI.

443 784 555 844 Mense
568 803 648 843 navo
663 781 895 858 iamveterem,
917 779 1097 858 Proculeia,
1119 783 1270 844 maritum

486 867 613 927 Deseris
629 873 721 946 atque
735 868 824 927 iubes
838 884 890 925 ren
904 866 963 925 sibi
977 865 1093 925 habere
1108 885 1188 926 suan.

443 951 534 1028 Quid,
548 970 635 1029 rogo,
651 950 725 1030 quid
737 951 852 1010 factum
867 949 938 1009 est?
953 949 1047 1010 subiti
1065 967 1144 1027 quae
1159 968 1253 1010 causa
1266 950 1410 1013 doloris?

484 1035 536 1095 Nil
551 1036 627 1095 mihi
641 1032 835 1114 respondes?
863 1034 968 1093 Dicam
984 1050 1056 1110 ego,
1077 1039 1207 1113 praetor
1225 1044 1311 1101 erat.

421 1120 631 1181 toonstatura
644 1119 705 1178 fuit
718 1116 907 1194 Megalensis
921 1135 1057 1197 purpura
1072 1122 1196 1177 centum
1287 1111 1292 1119 ’

485 1202 631 1282 Milibus,
653 1209 688 1262 ut
699 1203 825 1261 nimium
839 1218 967 1260 munera
981 1217 1074 1279 parca
1088 1200 1194 1278 dares,

442 1286 484 1347 Et
498 1285 648 1367 populare
661 1305 781 1345 sacrum
795 1286 843 1345 bin
858 1283 943 1344 milia
959 1282 1037 1343 dena
1051 1282 1184 1344 tulisnet.

426 1441 428 1446 Ι
484 1370 653 1430 Discidium
667 1389 729 1428 non
745 1376 793 1428 est
807 1370 884 1447 hoc,
904 1366 1083 1427 Proculeia:
1102 1365 1223 1439 lucrum
1238 1376 1302 1432 ent.

838 1502 927 1562 XLII.

397 1632 404 1643 ·
444 1613 521 1673 Tam
537 1611 629 1672 dubia
644 1620 692 1673 est
705 1612 816 1692 lanugo
830 1613 905 1688 tibi,
924 1619 988 1692 tam
1002 1610 1120 1694 mollin,
1140 1612 1279 1674 utillum

484 1696 606 1757 Halitus
620 1704 653 1757 et
666 1697 749 1757 soles
765 1703 798 1757 et
811 1695 888 1758 levis
904 1716 976 1757 aura
991 1703 1081 1756 terat.

443 1780 593 1842 Celantur
607 1779 700 1841 simili
713 1787 843 1841 ventura
857 1779 997 1859 cydonia
1010 1780 1108 1858 lanu,¹

483 1863 604 1925 Pollice
616 1866 755 1944 virgineo
770 1882 848 1943 quae
864 1861 995 1944 spoliata
1007 1865 1118 1925 nitent.

421 1948 569 2009 5Fcr'tius
583 1950 727 2029 impressi
742 1950 885 2027 quotient
901 1950 959 2007 tibi
973 1949 1058 2027 baria
1074 1949 1228 2029 quinque,

485 2033 634 2092 Barbatus
645 2031 758 2110 labris,
773 2031 946 2111 Dindymc,
967 2033 1007 2091 fio
1022 2034 1093 2092 tuis.
1122 2021 1130 2038 ⁹
1210 2090 1212 2093 ,

827 2165 933 2227 XLlll.

443 2280 580 2359 Septima
596 2280 671 2356 iam,
693 2274 853 2358 Phileros,
875 2271 942 2357 tibi,
950 2253 1093 2341 conditur
1106 2299 1183 2340 uxor
1196 2280 1231 2340 in
1246 2301 1336 2362 agro.

483 2362 557 2423 Plus
573 2360 667 2441 nulli,
689 2362 849 2441 Phileros,
869 2374 959 2442 quam
973 2366 1047 2443 tibi,
1067 2363 1174 2423 reddit
1187 2383 1273 2444 ager.
1299 2377 1301 2382 ·
1361 2414 1364 2418 ,

822 2497 930 2561 XLIV.

443 2607 556 2684 Quinte
571 2607 757 2669 Caledonios
774 2608 865 2670 Ovidi
878 2610 981 2669 viaure
995 2610 1159 2669 Britannos
1210 2619 1213 2625 '

481 2691 523 2752 Et
535 2691 667 2754 viridem
683 2694 810 2773 Tethyn
825 2693 1042 2773 Oceanumque
1055 2699 1190 2773 patrem,

439 2775 522 2854 Ergo
537 2776 653 2858 Numae
668 2777 765 2838 colles
780 2783 814 2837 et
826 2777 1017 2838 Nomentana
1032 2775 1191 2854 relinques

483 2859 569 2938 Otia,
590 2879 649 2921 uec
667 2863 784 2922 retinet
798 2879 914 2939 rusque
927 2861 1076 2940 focusque
1091 2861 1221 2921 senem?

419 2941 562 3004 5Gaudia
576 2951 611 3002 tu
625 2944 750 3023 differs,
771 2951 802 3003 at
814 2964 878 3003 non
892 2950 925 3004 et
939 2947 1068 3005 stamina
1085 2945 1193 3005 differt

482 3027 634 3106 Atropon,
658 3035 751 3107 atque
766 3029 1025 3089 omnis·rcribitur
1038 3030 1116 3089 hura
1129 3030 1197 3091 tibi.

439 3109 640 3170 Praestiterin
655 3131 726 3173 earn
742 3147 784 3158 -
799 3113 867 3190 quis
881 3133 944 3173 non
958 3116 1018 3173 hoc
1031 3111 1159 3173 laudet?
1172 3146 1216 3157 -
1230 3115 1350 3198 amico,

281 3221 284 3224 ⁴
357 3264 359 3268 .
396 3269 399 3274 .
482 3195 526 3255 Ut
540 3195 846 3276 poticrvitanittibi
862 3194 1075 3271 sanctafides;
1182 3208 1187 3213 '

440 3274 504 3337 Sed
516 3276 650 3339 reddare
663 3281 725 3340 tuis
739 3279 864 3340 tandem
879 3300 1021 3341 mansure
1035 3281 1156 3342 Sabinis

398 3372 433 3425 10
481 3361 592 3441 Teque
608 3370 677 3424 tuae
692 3383 837 3426 numeres
851 3366 935 3424 iuter
949 3366 1105 3427 amicitias.

833 3498 927 3562 XLV.

439 3605 473 3667 Sl
489 3608 564 3686 quid
576 3606 651 3669 lene
665 3611 727 3669 mei
742 3608 850 3669 dicunt
867 3616 901 3668 et
915 3605 1005 3670 dulce
1018 3592 1119 3671 libelli
1126 3633 1138 3689 ,·

347 3772 351 3779 ν
480 3691 515 3752 Si
531 3691 606 3772 quid
622 3694 826 3754 honorificum
840 3694 952 3773 pagina
966 3693 1079 3755 blanda
1096 3702 1201 3774 ennat,
