3434 4575
581 434 1081 521 'urrourmrmuoumnn
1301 455 1365 520 aaa

402 615 509 674 Annos
524 608 631 672 addite
645 612 694 670 bis
708 629 823 690 precor
836 627 991 688 novenos,

402 699 447 758 Ut
460 695 596 756 nondum
610 696 703 754 nimia
716 696 806 774 piger
820 699 963 772 senecta,

403 781 467 841 Sed
480 780 561 841 ritae
575 781 675 839 tribus
693 780 774 838 areis
789 779 925 856 peractis

360 867 502 928 loLucos
515 863 642 944 Elysiae
656 868 759 942 petam
773 859 912 941 puellae.

404 952 481 1010 Post
494 950 576 1008 hunc
590 948 723 1008 Nestora
738 965 799 1024 nec
811 945 895 1005 diem
909 947 1034 1024 rogabo.

789 1079 886 1142 XXV.

402 1181 437 1242 ln
450 1182 599 1242 matutina
615 1198 715 1258 nuper
732 1184 889 1260 spectatus
905 1180 1021 1238 harena

445 1265 586 1342 Mucius,
607 1265 753 1344 imposuit
768 1264 820 1343 qui
839 1283 893 1322 sua
908 1264 1045 1322 membra
1059 1263 1154 1342 locis,

404 1349 438 1408 Si
451 1349 573 1427 patiens
589 1343 819 1426 durusque'tibi
834 1348 989 1426 fortisque
1004 1346 1144 1426 videtur,

446 1431 657 1492 Abderitanae
672 1438 801 1512 pectora
815 1430 916 1511 plebis
931 1432 1038 1494 babes.

384 1516 481 1578 bNam
497 1536 565 1575 cum
580 1515 699 1576 dicatur
713 1517 817 1576 tunica
831 1514 999 1594 praesente
1013 1513 1145 1576 molesta

445 1600 533 1680 „Ure
547 1601 701 1678 manum,“
721 1599 791 1680 plus
807 1606 857 1659 est
875 1598 981 1660 dicore
995 1601 1087 1678 „Non
1104 1599 1220 1661 laeio.“

783 1704 895 1794 xxvi

403 1831 504 1910 Vere,
525 1831 726 1891 Paraetonias
740 1830 829 1889 Latia
844 1829 936 1890 modo
951 1831 1015 1890 vite
1028 1849 1087 1911 per
1099 1834 1194 1894 urbes

445 1914 565 1975 Nobilis
583 1921 616 1974 et
632 1921 756 1973 centum
771 1913 831 1973 dux
845 1913 1045 1974 memorande
1059 1916 1150 1995 viris,
1273 1983 1279 1996 ‚

403 2000 445 2059 At
460 2019 556 2077 nuuc,
578 1999 716 2059 Ausonio
734 1999 851 2080 frustra
866 1999 1018 2077 promisse
1037 1999 1181 2074 Quirino,

446 2080 580 2164 Hospita
595 2083 709 2160 Lagaei
725 2080 829 2142 litoris
846 2084 954 2142 umbre
967 2083 1061 2142 iaces.

381 2167 561 2248 5Spargere
577 2187 639 2227 non
653 2165 743 2227 licuit
756 2167 905 2246 frigentia
918 2167 1044 2227 fletibus
1059 2186 1129 2245 ora,

444 2253 575 2331 Pinguia
588 2270 648 2312 nee
662 2253 787 2313 maestis
804 2250 921 2312 addere
937 2257 1007 2312 tura
1021 2252 1115 2331 rogis.

404 2336 467 2396 Sed
484 2336 574 2395 datur
588 2343 716 2397 aeterno
730 2338 882 2397 uicturum
898 2337 1032 2397 carmine
1047 2355 1166 2401 munus.
1308 2403 1313 2415 ,

446 2418 601 2497 Numquid
614 2422 650 2479 ‘et
662 2422 738 2499 hoc,
751 2419 949 2500 fallax.Nile‚
970 2439 1086 2501 negare
1100 2421 1215 2500 poter?

783 2551 907 2619 XXVII.

405 2650 524 2730 Natali,
545 2650 698 2732 Diodore,
716 2661 769 2715 tuo
785 2657 912 2717 conviva
927 2661 1051 2716 senatus

447 2738 602 2815 Accubat,
624 2742 657 2797 et
670 2759 759 2799 rarus
772 2760 835 2799 non
851 2739 1017 2799 adhibetur
1032 2757 1145 2818 eques,

404 2822 451 2881 Ac
468 2828 520 2882 tua
534 2822 672 2883 tricenos
685 2821 819 2902 largitur
833 2820 974 2903 sportula
988 2820 1137 2888 nummos.

446 2905 542 2966 Nemo
557 2913 660 2967 tamen
676 2914 781 2967 natum
796 2914 846 2985 te,
869 2906 1022 2985 Diodoro,
1043 2912 1140 2987 putat.

774 3039 911 3103 XXVIII.

405 3138 565 3200 Annorum
579 3138 733 3216 nitidique
749 3144 834 3198 sator
849 3137 1063 3219 pulcherrime
1081 3136 1203 3217 mundi,

451 3223 580 3284 Publica
597 3242 688 3302 quem
703 3224 835 3302 primum
849 3228 921 3282 vota
935 3241 1109 3303 precesque
1123 3230 1250 3301 vocant,

403 3306 533 3365 Pervius
548 3308 675 3385 exiguos
689 3307 850 3365 habitabas
867 3312 940 3365 ante
953 3311 1102 3385 penates,

445 3388 583 3448 Plurima
600 3409 658 3467 qua
673 3388 808 3449 medium
822 3390 919 3448 Roma
932 3390 1057 3449 terebat
1070 3391 1143 3451 lter.

348 3487 352 3495 ·
381 3472 494 3532 5Nune
508 3479 561 3532 tua
576 3473 739 3533 Caesareis
758 3474 923 3551 cinguntur
937 3471 1045 3533 limina
1059 3472 1166 3551 donis,

446 3555 489 3616 Et
503 3556 572 3615 fora
589 3562 637 3616 tot
650 3575 810 3637 numeras,
832 3558 921 3636 lane,
944 3564 1019 3637 quot
1034 3577 1088 3618 ora
1103 3558 1195 3637 geris.

404 3639 447 3698 At
461 3646 511 3717 tu,
535 3648 640 3700 sancte
655 3647 761 3722 pater,
783 3646 869 3701 tanto
883 3661 941 3721 pro
957 3661 1085 3703 munere
1100 3646 1221 3722 gratus,

445 3722 565 3785 Ferrea
579 3733 731 3807 perpetua
746 3725 878 3787 claustra
893 3733 983 3787 tuere
998 3746 1076 3788 sera.
