3434 4575
586 460 926 522 EPIGRAMMATON
938 462 1012 523 LIB.
1028 461 1092 527 XII.

776 659 910 723 LXXIX.

404 775 522 834 Donavi
536 772 594 832 tibi
608 771 717 851 multa,
740 790 818 851 quae
832 773 966 850 rogasti;

405 858 522 917 Donavi
536 857 594 916 tibi
610 855 715 936 plura,
739 876 828 935 quam
843 857 976 934 rogasti=

404 940 472 1001 Non
489 960 590 1011 cessas
604 945 707 1000 tamen
721 959 818 1019 usque
831 958 881 998 me
896 957 1016 1017 rogare.

405 1026 549 1103 Quisquis
563 1022 605 1084 uiI
621 1032 729 1103 negat,
751 1022 907 1101 Atticilla,
929 1021 1029 1085 fellat.

783 1148 905 1208 LXXX.

403 1259 450 1320 Nc
464 1258 572 1319 laudet
589 1259 714 1337 dignos,
731 1257 836 1318 laudat
851 1257 1046 1320 callistratus
1062 1280 1176 1324 omnes.

445 1345 502 1403 cui
517 1341 615 1403 malus
630 1349 679 1403 est
691 1361 801 1419 nemo,
825 1343 893 1420 quis
908 1345 1006 1404 bonus
1020 1362 1090 1405 esse
1104 1349 1231 1426 potest?

773 1470 908 1532 LXXXI.

402 1569 532 1629 Brumae
549 1567 658 1628 diebus
673 1570 823 1647 feriisque
839 1570 964 1630 Saturni

402 1653 550 1712 Mittebat
565 1653 683 1713 Umber
697 1652 860 1713 baliculam
877 1655 953 1713 mihi
966 1674 1102 1735 pauper;

403 1735 489 1794 Nunc
503 1736 598 1794 mittit
611 1733 757 1795 halicarn:
778 1735 878 1795 factus
892 1742 940 1796 est
954 1739 1036 1797 euim
1050 1736 1144 1799 dives.
1219 1820 1222 1827 Ι

763 1848 911 1921 LXXXII.

403 1959 551 2037 Effugere
564 1960 597 2018 iu
613 1958 743 2018 thermis
761 1964 793 2018 et
809 1959 891 2017 circa
905 1954 1015 2018 balnea
1029 1978 1091 2018 non
1107 1968 1155 2022 est

447 2042 660 2121 Monogenem
683 2043 764 2101 omui
780 2048 814 2101 tu
828 2040 904 2101 licet
918 2048 985 2101 arte
1000 2040 1084 2103 velis.

403 2126 547 2205 captabit
561 2124 698 2206 tepidum
715 2125 823 2186 dextra
836 2123 984 2204 laevaque
1000 2127 1171 2207 trigonem,

444 2210 577 2292 Imputet
591 2216 732 2292 acceptas
746 2216 779 2269 ut
793 2210 850 2270 tibi
866 2228 959 2292 saepe
973 2208 1061 2290 pilas.

381 2293 541 2372 50olliget
555 2302 588 2355 et
602 2296 723 2355 referet
735 2294 836 2355 laxum
850 2293 890 2354 de
905 2293 1034 2374 pulvere
1050 2294 1175 2376 lollem,

443 2378 709 2453 nostrumnon,
730 2380 790 2437 iam
806 2377 940 2438 soleatus
955 2381 1025 2441 erit.

404 2460 515 2517 Liutea
529 2460 556 2516 si
569 2479 687 2535 sumes,
709 2462 779 2519 nive
795 2460 973 2521 candidiora
986 2461 1151 2543 loquetur,

448 2541 518 2600 Sint
530 2539 607 2601 licet
621 2542 749 2600 infantis
766 2542 941 2602 sordidiora
959 2546 1036 2604 sinu.

403 2626 537 2703 Exiguos
552 2631 637 2685 secto
659 2629 832 2684 comentem
846 2624 941 2684 deute
958 2626 1103 2706 capillos,

363 2720 397 2771 10
445 2710 536 2769 Dicet
549 2707 708 2769 Achilleas
724 2708 913 2788 disposuisse
927 2729 1037 2770 comas.

402 2793 553 2853 Fumosae
567 2795 652 2853 feret
665 2794 733 2872 Ipse
748 2795 853 2871 tropiu
869 2791 908 2852 de
921 2794 1010 2852 faece
1027 2792 1173 2872 lagonae,

444 2877 571 2937 Frontis
586 2885 619 2937 et
630 2879 791 2936 humorem
806 2875 935 2955 colliget
947 2896 1045 2956 usque
1060 2885 1139 2938 tuae.

404 2958 513 3019 Omnia
525 2960 678 3040 laudabit,
699 2961 861 3020 mirabitur
876 2962 992 3038 omnia,
1014 2960 1113 3022 douec

447 3044 619 3124 Perpessus
635 3044 718 3105 dicas
733 3042 835 3103 taedia
848 3042 934 3104 mille
949 3045 1089 3124 „Veuil“

761 3172 922 3233 LXXXIII.

402 3267 530 3327 DerIsor
543 3268 696 3328 Fabianus
710 3269 904 3346 herniarum,

403 3350 517 3410 Omnes
532 3371 621 3430 quem
636 3351 726 3412 modo
742 3351 821 3412 colei
834 3355 986 3412 timebant

403 3434 564 3494 Dicentem
580 3434 711 3496 tumidas
728 3436 760 3495 in
774 3434 979 3514 hydrocelas,

404 3518 556 3593 Quantum
571 3536 630 3578 uec
645 3517 704 3577 duo
721 3517 864 3579 dicerent
879 3518 1010 3595 Catulli3

380 3600 436 3660 51u
452 3603 580 3662 thermis
595 3603 695 3662 subito
710 3603 893 3662 Neronianis

403 3682 491 3745 Vidit
506 3703 540 3743 sc
555 3686 667 3764 miser,
690 3692 723 3746 et
736 3691 842 3747 tacere
857 3687 968 3766 coepit.

1298 462 1360 527 303
