3434 4575
726 443 936 500 marculo.
1255 447 1315 500 XX!

328 599 472 658 emendanda
484 605 585 668 stuperet
612 596 638 652 ln
649 598 736 653 haldrus
744 597 807 652 enim
818 612 865 652 nec
875 597 919 652 sihi
929 614 974 653 nec
984 599 1036 652 aliis
1047 599 1229 672 ullusumquam
1241 600 1316 657 editor

328 699 499 757 usquequaque
516 681 659 746 satisfaciet,
681 698 727 737 nec
745 681 802 737 mihi
816 681 926 737 lahuium
938 683 1048 738 instituto
1065 699 1110 738 suo
1121 699 1217 754 semper
1227 685 1316 740 consti·

327 771 380 824 t'sse
389 769 468 824 uideri
485 774 512 822 et
523 769 547 822 in
559 767 671 822 Vindiciis
681 782 758 838 nuper
768 766 844 822 ludici
856 767 913 822 leot.
924 775 984 823 aest.
998 771 1067 825 1854
1078 769 1213 838 praemissis
1224 769 1316 841 signill-

327 854 373 908 oeri
385 862 411 908 et
419 853 469 908 hac
478 851 586 908 editione
597 852 723 919 deelarml,
738 868 785 923 qua
795 852 841 906 etsi
851 851 910 907 nihil
922 854 1001 924 magis
1013 852 1109 906 ellicere
1119 853 1192 919 uolui,
1206 869 1278 925 quam
1289 862 1316 910 ut

326 939 446 1008 praeclara
457 938 498 992 illa
510 951 582 1007 opera
592 951 605 990 a
616 937 727 1006 plurimis
737 945 917 1009 agnosceretur.
931 944 998 992 erant
1011 939 1082 991 etiam
1094 953 1155 1008 quae
1167 953 1220 992 mea
1232 947 1316 994 aucto·

326 1023 393 1076 ritate
404 1023 536 1094 propagari
548 1021 652 1083 nollem;
669 1037 697 1076 ea
717 1027 797 1076 tameo
815 1021 880 1092 ipsa,
891 1023 912 1076 si
924 1023 953 1076 ab
971 1021 1143 1093 orthographia
1154 1030 1179 1077 et
1191 1023 1315 1094 interpun-

325 1107 406 1162 ctione
416 1106 566 1169 discesseris,
581 1106 611 1159 de
622 1122 668 1177 qua
679 1107 781 1177 amplior
800 1105 933 1176 explicandi
947 1109 1013 1161 locus
1030 1106 1205 1176 exspectandus
1216 1114 1265 1171 est,
1278 1109 1314 1162 rel

325 1206 425 1246 numero
440 1191 481 1247 uel
498 1190 649 1262 argumentis
667 1196 716 1244 tam
735 1193 824 1262 exigua
840 1199 911 1256 sunt,
935 1199 959 1245 ul
979 1206 1009 1244 ne
1021 1198 1123 1262 angusta
1137 1190 1233 1262 quidem
1244 1191 1315 1247 huius

326 1276 480 1346 praelationis
488 1277 565 1345 spatia
574 1274 723 1329 succinctam
732 1290 819 1329 eorum
831 1276 947 1329 rationem
963 1275 1028 1329 reddi
1040 1282 1129 1330 rotem.

408 1358 866 1433 hh.l.sm.l.r.1aoqueecul³ith.,
879 1361 978 1433 quaeerit
991 1359 1055 1414 lalun.
1068 1374 1123 1412 cum
1137 1361 1271 1432 plerisquez
1281 1361 1312 1415 cl.

325 1444 416 1500 lliudic.
429 1461 453 1515 p.
466 1449 492 1503 6.
501 1443 576 1497 -V.
586 1445 636 1500 169
647 1443 726 1498 ocimo
740 1451 795 1498 onte
805 1443 874 1497 ochas
880 1443 946 1498 Valla
958 1459 980 1497 c.
989 1443 1063 1498 Prisc.
1071 1442 1187 1501 xvhlu.
1204 1450 1248 1504 10:
1260 1448 1315 1500 oui-

325 1538 400 1584 noote
410 1528 469 1584 tudo
485 1529 553 1589 lihri;
571 1535 596 1582 at
606 1529 626 1582 si
645 1528 701 1583 tuha
716 1529 825 1594 auditur,
845 1529 893 1583 iaru
904 1543 957 1583 sera
971 1529 1118 1598 poenitentia
1128 1536 1179 1590 est:
1191 1542 1237 1583 uec
1251 1530 1314 1600 qnod

325 1614 387 1669 lahu.
400 1629 422 1670 c.
435 1612 574 1669 Heinrichio
584 1613 685 1684 aliisque
695 1613 808 1684 praetulit
817 1613 898 1668 ortuo
907 1627 978 1668 sensu
991 1620 1112 1681 praestare
1124 1613 1173 1668 dixi
1188 1613 1219 1667 de
1230 1612 1312 1670 Codic

324 1698 403 1755 luteo.
417 1714 441 1769 p.
458 1703 500 1758 16
519 1697 612 1768 Nempe
623 1697 710 1752 eodem
720 1699 840 1768 exemplo,
855 1713 903 1770 quo
915 1696 981 1752 Plato
994 1696 1082 1755 Phaed.
1094 1713 1118 1768 p.
1128 1701 1163 1756 94
1175 1705 1198 1751 et
1210 1697 1312 1768 llepnbl

324 1801 345 1856 p.
357 1785 409 1841 441
425 1784 489 1854 apud
501 1783 599 1838 Homer.
611 1780 697 1853 Odyss.
709 1782 762 1837 llll.
780 1786 808 1841 17
821 1781 871 1836 fieri
885 1783 970 1844 docet,
982 1781 1022 1836 hic
1032 1797 1128 1853 quoque
1139 1775 1170 1835 τὸ
1183 1774 1312 1850 uinctoqu-

323 1860 444 1936 uulpem
453 1863 519 1935 usqi
529 1868 580 1921 τοῦ
591 1860 730 1937 βελτίονός
737 1863 820 1920 sosoi
831 1868 955 1935 χείρονος
965 1867 1002 1938 τῷ
1014 1858 1163 1934 ἀλογίστως
1174 1863 1312 1934 θυμουμέ-

324 1945 546 2025 spissatque:
564 1953 597 2007 cf.
609 1952 682 2006 etiam
694 1952 746 2008 Cic.
758 1951 857 2007 ltrscuu
870 1950 899 2006 ll.
914 1957 963 2012 20:
981 1951 1045 2022 quod
1056 1951 1076 2005 si
1088 1952 1120 2006 ita
1132 1956 1263 2006 extremam
1275 1967 1313 2006 sa·

324 2037 381 2092 mac
392 2044 487 2108 partem
500 2036 679 2103 distribuimus,
692 2042 719 2091 ot
730 2052 754 2093 r.
767 2035 914 2094 150-157
926 2040 951 2090 et
963 2038 1057 2092 160-
1071 2037 1120 2094 169
1131 2035 1205 2100 ratio,
1217 2051 1238 2091 v.
1256 2039 1311 2094 158.

325 2123 521 2180 159.170.171
540 2122 634 2176 animus
651 2121 776 2192 loquatur,
788 2121 867 2184 hurle.
888 2121 957 2175 cuius
973 2120 1106 2192 indignatio
1116 2136 1140 2174 u.
1156 2124 1190 2177 79
1202 2121 1264 2189 ipsos
1275 2136 1312 2174 sa·

324 2207 379 2261 tiras
395 2205 478 2260 lacere
494 2205 559 2261 dicta
567 2213 619 2272 eut,
637 2221 660 2261 r.
677 2210 725 2264 169
743 2216 809 2260 recte
820 2205 933 2277 appellari
946 2211 1018 2274 patet.
1036 2233 1079 2243 -
1098 2203 1148 2262 Sat.
1162 2204 1191 2261 lh
1202 2205 1236 2261 31
1251 2206 1312 2276 ipsis

324 2290 413 2363 nugo:
431 2291 482 2363 tpot‘
498 2290 565 2347 laho.
583 2307 606 2346 c.
620 2287 698 2353 Pith..
716 2292 783 2362 quasi
805 2292 899 2361 potiore
912 2289 1010 2344 Veneris
1028 2290 1178 2353 conditione.
1191 2289 1259 2344 cuius
1270 2305 1312 2360 par

322 2392 378 2430 cum
393 2374 470 2430 hiarte
487 2377 556 2431 locus
572 2383 623 2435 ost:
641 2392 686 2430 nec
701 2376 765 2447 quod
777 2378 850 2431 cerho
862 2375 1031 2436 concedimus,
1045 2382 1071 2429 ut
1082 2374 1130 2429 duo
1140 2374 1248 2430 subiecta
1263 2375 1313 2430 siu·

323 2460 399 2531 golmi
411 2474 512 2514 numero
524 2461 657 2523 antecedat.
671 2460 786 2515 attributo
797 2461 916 2516 convenit.
935 2487 969 2498 -
982 2459 1009 2514 V.
1021 2463 1056 2517 ts
1071 2457 1145 2515 Vedio
1154 2474 1217 2531 ego;
1239 2458 1311 2515 Tedio

323 2544 387 2599 lahn.
400 2560 423 2599 o.
435 2545 570 2616 plerisque,
589 2543 672 2600 Medio
682 2545 760 2607 Phth:
772 2545 804 2601 cl.
816 2545 908 2600 Vindio.
922 2561 944 2614 p.
956 2549 981 2602 6.
993 2572 1027 2581 —
1039 2543 1065 2601 V.
1077 2547 1112 2601 96
1122 2544 1240 2598 excidisse
1251 2561 1311 2599 nou·

322 2629 387 2683 nulla
398 2628 481 2683 lahoio
492 2644 542 2684 uon
553 2630 640 2691 credo;
651 2630 834 2701 etparlicipium
846 2645 902 2684 cum
915 2628 1113 2684 antecedentibus
1122 2628 1202 2701 iungit
1213 2636 1241 2683 ut
1249 2628 1309 2685 llll.

323 2716 383 2771 2l9
397 2742 438 2751 ·—
448 2712 476 2769 V.
492 2718 551 2772 115.
573 2718 623 2772 146
642 2730 703 2786 quae
715 2715 828 2769 cancellis
842 2707 1032 2783 circumscripsi,
1048 2719 1147 2783 proptor
1162 2714 1310 2768 nimietatem

324 2797 477 2853 enumerandi
494 2805 607 2867 suspecta
617 2807 690 2859 sunt:
709 2814 757 2870 quo
774 2800 797 2854 iu
811 2814 902 2871 genere
912 2797 1025 2870 quoniam
1044 2798 1111 2867 plura
1121 2798 1209 2868 passim
1220 2799 1309 2865 notavi,

324 2884 395 2937 smel
410 2897 511 2948 moneo,
524 2898 564 2936 mc
579 2882 610 2939 de
621 2883 658 2937 his
669 2900 717 2938 non
728 2884 869 2956 singulatim
880 2884 922 2938 sed
934 2884 965 2936 ita
979 2882 1078 2937 iudicari
1088 2883 1163 2947 uelle,
1176 2892 1204 2940 ut
1216 2885 1311 2939 uniuer-

322 2968 354 3021 sis
365 2967 511 3038 comparatis
521 2968 629 3038 quamds
646 2968 725 3023 callidi
744 2969 922 3039 interpolatoris
933 2967 1059 3022 artificium
1077 2968 1100 3021 in
1114 2966 1230 3023 luvenalis
1238 2969 1311 3023 resti·

323 3050 369 3122 giis
380 3052 462 3121 inepta
478 3050 664 3121 amplificatione
677 3052 798 3108 imitandis
814 3061 936 3108 noscatur.
969 3051 1071 3123 Singula
1090 3054 1163 3106 etlam
1175 3052 1309 3108 quenalem

322 3135 427 3190 mriluere
442 3136 552 3206 potuisse
562 3152 610 3192 nou
622 3151 703 3209 nego;
721 3145 745 3191 at
762 3138 849 3191 mimm
862 3139 922 3192 loret
942 3137 1007 3191 hunc
1021 3137 1081 3191 tales
1092 3137 1266 3191 cumulationes
1279 3138 1309 3191 ita

322 3234 417 3290 semper
428 3219 568 3284 instituisse,
580 3237 607 3275 ιιι
618 3221 712 3294 integra
723 3222 865 3293 plerumque
876 3221 1027 3276 hemistichia
1039 3222 1128 3276 aliaeue
1140 3221 1251 3276 hinorum
1258 3236 1310 3274 uer·

322 3320 392 3359 suurn
403 3304 536 3375 particulae
551 3305 603 3359 siue
613 3320 698 3361 sensus
714 3306 814 3360 metrice
825 3307 969 3361 detrimento
982 3307 1033 3360 tolli
1046 3314 1151 3375 possent.
1165 3334 1206 3346 —
1217 3304 1246 3361 V.
1259 3312 1311 3363 150

321 3396 446 3445 omnm
458 3388 550 3460 uulgo;
566 3398 670 3462 mogum
682 3389 749 3445 lahn.
769 3406 799 3445 ex
816 3392 882 3446 tenui
894 3390 1033 3461 liutprandi
1045 3392 1201 3453 auctoritate.
1217 3390 1255 3445 oui
1266 3388 1310 3446 do-

322 3481 383 3528 ctam
401 3475 450 3530 loci
461 3472 592 3545 Vergiliani
603 3476 661 3530 heo.
672 3474 711 3531 lll.
723 3479 776 3531 302
793 3476 995 3531 reminiscentiam
1007 3475 1092 3529 cedere
1103 3475 1185 3536 uolui;
1202 3490 1309 3546 pracser-

323 3559 363 3613 tim
372 3575 449 3631 quum
465 3556 588 3613 Pithoeoni
599 3558 684 3614 lacuna
768 3567 816 3615 man
833 3568 964 3632 utrumque
975 3558 1100 3622 admittat,
1112 3574 1191 3631 neque
1205 3559 1309 3615 etlaoile

322 3642 447 3699 desiderari
465 3642 582 3701 videatur,
618 3643 696 3700 Etiam
714 3661 736 3698 u.
752 3648 801 3703 159
812 3645 982 3715 plerorumque
993 3644 1121 3698 lectionem
1132 3644 1189 3700 illuc
1204 3645 1249 3699 herr
1265 3644 1308 3699 mi·

322 3728 368 3781 seri
377 3726 645 3790 munumentum:
659 3742 708 3785 non
718 3745 767 3801 quo
777 3730 802 3785 in
814 3739 906 3786 orcum
915 3728 1008 3784 traduci
1025 3727 1128 3783 miseros
1137 3728 1306 3802 intelligerem,

321 3810 596 3883 rudutapudl’cruuru
612 3824 664 3870 cst:
682 3814 778 3871 ocrim
791 3814 926 3887 squamea
941 3812 1004 3868 ultro
1019 3814 1106 3877 urim,
1124 3811 1211 3871 Mne
1229 3830 1307 3870 norun
