3434 4575
698 485 825 536 scursa
846 487 895 537 ιι.
1254 473 1293 538 77

300 630 381 692 'lonc
401 629 482 690 rudis
505 636 535 689 et
558 624 658 688 Graias
685 629 780 689 mirari
803 628 920 689 nescius
944 637 1022 688 artes
1246 641 1294 694 nco

302 714 426 776 Urbibus
449 711 564 774 eversis
586 713 759 790 praedarum
781 713 810 772 in
833 721 917 791 parte
938 722 1056 790 reperta

301 799 471 878 llagnorum
495 795 637 858 artificum
660 796 813 875 frangebat
835 796 941 875 pocula
963 796 1058 872 miles,

302 883 335 945 llt
356 881 489 963 phaleris
512 880 656 960 gauderet
681 900 773 960 equus
800 881 972 960 caelataque
996 882 1087 941 cassis

303 967 463 1028 Romuleae
487 964 641 1025 simulacra
667 966 748 1025 ferae
774 983 982 1025 mansuescere
1010 967 1107 1025 iussae

302 1052 418 1133 lmperii
445 1051 522 1126 lato,
546 1051 678 1127 geminos
700 1049 753 1108 sub
777 1068 848 1127 rupe
872 1048 1019 1124 Quirinos,
1243 1064 1292 1114 105

304 1138 344 1197 dc
368 1135 475 1196 nudam
496 1134 623 1210 effigiem
649 1134 745 1212 clipeo
769 1135 911 1193 venientis
933 1143 961 1193 et
984 1133 1066 1193 hasta

302 1220 519 1299 Pendentisque
545 1217 591 1278 dei
618 1220 746 1296 perituro
770 1218 939 1278 ostenderet
964 1217 1050 1278 hosti.

303 1303 454 1366 l’onehant
477 1305 564 1381 igitur
588 1301 685 1362 l'usco
707 1301 814 1363 farrata
835 1303 945 1369 catino;

303 1389 426 1466 Argenti
452 1388 629 1467 quoderat,
653 1386 725 1446 solis
749 1386 882 1464 fulgebat
905 1388 931 1445 in
954 1387 1051 1445 armis.

304 1472 403 1533 Omnia
427 1481 510 1547 tunc,
536 1469 639 1549 quibus
660 1471 806 1546 invideas,
832 1473 856 1530 si
880 1469 1014 1531 lividulus
1037 1471 1086 1529 sis.

304 1555 491 1636 l'ernplorum
513 1571 630 1634 quoque
652 1556 787 1615 maiestas
812 1556 995 1634 praesentior
1018 1564 1046 1615 et
1069 1571 1125 1614 vox

304 1640 397 1702 Nocte
422 1640 485 1700 iere
506 1639 599 1698 rnedla
623 1638 801 1716 mediamque
824 1639 918 1698 audita
941 1658 994 1718 per
1017 1638 1126 1713 urbem,

304 1723 399 1785 litore
425 1722 461 1785 ab
484 1722 593 1783 Oceani
615 1722 705 1782 Gallis
725 1724 908 1783 venientibus
933 1734 961 1783 et
984 1723 1026 1782 dis

305 1808 437 1870 Officium
461 1809 534 1868 vatis
555 1807 778 1885 peragentibus:
801 1807 846 1866 lris
870 1809 978 1866 monuit
999 1823 1062 1880 nos,

305 1893 383 1954 llanc
410 1893 500 1952 rebus
522 1890 609 1951 Latiis
633 1909 729 1950 curam
756 1900 908 1969 praestare
931 1890 1045 1949 solebat

304 1976 416 2039 Fictilis
443 1985 472 2036 et
493 1974 574 2035 nullo
602 1976 725 2035 violatus
751 1975 881 2053 luppiter
904 1992 984 2034 auno.

305 2060 357 2123 llla
381 2061 458 2122 dorni
479 2069 561 2121 natas
586 2069 743 2138 nostraque
771 2079 808 2120 ex
831 2058 936 2120 arbore
961 2075 1075 2118 mensas

305 2145 452 2224 Tempora
474 2144 620 2212 viderunt3
644 2144 697 2204 hos
720 2142 825 2222 lignnrn
851 2144 947 2205 stabat
969 2145 1004 2204 ad
1026 2161 1106 2217 usus,

306 2230 453 2291 annosam
475 2230 500 2289 si
523 2228 599 2289 forte
619 2247 722 2289 nucem
747 2227 895 2289 deiecerat
920 2247 1015 2289 eorus.

307 2316 341 2375 tt
367 2334 442 2375 nuno
468 2314 602 2374 divitibus
625 2313 765 2375 coenandi
788 2314 865 2373 nulla
885 2314 1031 2393 voluptas,

267 2458 270 2478 ,
307 2398 351 2459 llil
374 2398 530 2473 rhombus,
559 2398 597 2457 nil
620 2399 702 2458 durna
725 2400 816 2476 sapit,
841 2408 943 2477 putere
965 2398 1097 2458 videntur

307 2482 458 2561 Unguenta
486 2492 573 2559 atque
596 2500 698 2556 rosae,
722 2482 796 2541 latos
817 2484 872 2541 nisi
894 2485 1016 2542 sustinet
1040 2484 1127 2542 ornes

306 2566 420 2628 Grande
443 2567 515 2626 ebor
538 2574 567 2625 et
590 2583 693 2643 magno
718 2566 848 2625 sublimis
871 2567 976 2646 pardos
1000 2566 1088 2641 hiatu,

307 2650 447 2711 Dentibus
473 2669 510 2710 ex
535 2648 609 2727 illis,
634 2667 707 2728 quos
730 2651 813 2708 mittit
833 2660 916 2728 porta
938 2652 1051 2724 Syenes

307 2733 341 2795 Et
365 2734 457 2795 llauri
481 2733 597 2795 celeres
621 2744 650 2795 et
672 2734 770 2795 Mauro
797 2733 950 2794 obscurior
970 2734 1065 2809 lndus⁷

308 2819 343 2879 llt
372 2836 447 2898 qnos
471 2818 606 2897 deposuit
629 2817 779 2878 Nabataeo
804 2817 900 2878 bellna
923 2819 1009 2891 saltn,

308 2903 363 2962 larn
388 2905 490 2963 nimios
513 2904 657 2981 capitique
675 2920 791 2979 graves.
830 2902 902 2963 llinc
928 2904 1019 2979 surgit
1045 2905 1152 2978 oreris,

308 2988 378 3047 llinc
397 2986 547 3047 stomacho
572 2989 666 3053 vires:
691 3004 754 3045 nanr
778 3005 832 3065 pes
854 2996 1010 3063 argenteus
1035 2986 1102 3063 illis,

309 3071 437 3132 tinnulus
460 3072 488 3130 in
516 3070 605 3149 digito
630 3071 707 3150 quod
734 3072 857 3131 ferreus.
898 3070 978 3149 llrgo
1002 3071 1155 3150 superbum

309 3153 466 3216 Convivam
490 3173 600 3230 caveo,
625 3158 673 3233 qui
695 3174 741 3215 me
762 3154 817 3214 sibi
841 3166 990 3234 comparet
1014 3165 1043 3215 et
1065 3175 1112 3215 res
1243 3162 1291 3215 tao

309 3238 441 3318 Despicit
465 3241 595 3317 exiguas.
631 3239 716 3299 Adeo
739 3238 817 3299 nulla
842 3241 925 3300 uncia
947 3239 1030 3299 nobis

311 3323 360 3383 Est
382 3324 481 3383 eboris
505 3342 559 3383 nec
581 3323 722 3383 tessellae
747 3342 802 3383 nec
828 3324 958 3383 calculus
984 3342 1020 3383 ex
1045 3323 1099 3383 hac

310 3406 446 3484 dicteria,
468 3409 534 3487 quin
560 3408 623 3486 ipsa
647 3405 792 3467 rnannhria
819 3408 1000 3468 cultellorum

310 3488 416 3555 Ossea:
441 3502 616 3552 nontamen
645 3492 688 3551 his
714 3492 772 3551 ullu
798 3511 930 3570 umquam
952 3491 1073 3551 obsonia
1098 3492 1165 3550 liunt

311 3574 487 3651 llancidula‚
515 3576 651 3636 antideo
680 3577 763 3653 peior
787 3576 894 3654 gallina
922 3584 1047 3634 secatur.

310 3660 366 3721 Sed
391 3678 446 3720 nec
469 3670 595 3720 structor
623 3662 696 3735 erit,
722 3661 768 3720 cui
793 3660 900 3720 cedere
927 3657 1032 3719 debeat
1054 3660 1145 3717 omnis·

310 3740 447 3821 Pergam,
471 3743 631 3822 discipulus
654 3742 796 3821 Trypheri
820 3744 965 3817 doctoris,
989 3744 1063 3821 apud
1091 3763 1175 3820 quern
