3434 4575
593 471 934 533 EPIGRAMMATON
944 471 1018 532 LlB.
1036 471 1087 533 Vl.
1297 463 1360 532 147
1452 423 1456 430 =

401 627 515 707 „Tune
531 644 582 704 es,
602 623 700 684 tune“
715 625 759 684 ait
772 621 850 702 „illc
865 620 1038 699 Martialis,
1097 617 1099 620 ’

380 713 500 774 50uius
517 710 671 788 nequitias
684 709 832 786 iocosque
846 707 949 784 novit,

400 796 517 855 Aurem
532 794 585 873 qui
599 791 690 852 modo
705 811 767 852 non
782 792 878 851 habet
892 791 1040 848 Boeotum
1047 786 1085 847 2ss

402 879 523 939 Subrisi
537 875 675 954 modice,
693 875 819 954 levique
833 879 911 935 nutu

399 963 455 1024 Me
470 980 562 1041 quem
580 960 701 1020 dixerut
715 978 785 1019 esse
802 978 865 1018 non
880 957 999 1036 negavi.

400 1047 487 1126 „Cur
502 1044 599 1123 ιιιςιια
613 1037 1159 1123 ἰιιιιιιίῐ,,Ιιιι1)θιιιιι1ιιῙιοιιιιιιιῗιι

358 1128 573 1209 10Respondi‚
594 1129 665 1206 quia
679 1147 745 1187 sum
759 1125 857 1186 mulus
870 1131 973 1205 poeto.

400 1216 469 1274 Hoc
483 1232 522 1273 ne
537 1213 658 1291 saepius
677 1209 795 1270 accidui
808 1215 938 1289 poetae,

400 1299 526 1375 Mittas,
545 1295 643 1373 Rufe,
666 1295 742 1354 mihi
755 1295 851 1354 bonas
864 1291 1015 1352 lacernas.

762 1455 925 1519 LXXXIII.

402 1573 557 1649 Quantum
571 1570 705 1631 sollicito
719 1571 844 1631 fortuna
858 1571 998 1650 parentis
1013 1570 1162 1646 Etrusco,

445 1657 596 1733 Tantum,
617 1673 734 1714 summe
750 1652 877 1731 ducum,
899 1653 994 1714 debet
1008 1659 1141 1731 uterque
1154 1650 1221 1712 tibi.

400 1741 476 1801 Nam
490 1745 525 1798 tu
540 1741 632 1799 missa
645 1745 698 1798 tua
712 1739 866 1797 revocasti
879 1736 1007 1798 fulmina
1023 1735 1149 1796 dextra:

443 1824 509 1883 Hos
524 1840 669 1903 cuperem
684 1840 787 1881 mores
800 1822 923 1898 ignibus
938 1838 1008 1880 esse
1021 1819 1111 1880 lovis.

378 1907 451 1969 {rsit
466 1914 534 1984 tua,
556 1908 598 1966 sit
613 1922 746 1982 summo,
770 1905 903 1981 caesar,
924 1909 1033 1963 natura
1049 1902 1202 1962 Tonantis

441 1992 557 2051 Utetur
570 1996 637 2049 toto
652 1988 780 2048 fulmine
793 2008 865 2048 rura
878 2006 995 2047 manus.

400 2075 543 2135 Muneris
556 2075 617 2133 hoc
630 2078 796 2151 utrumque
812 2073 858 2132 tui
874 2077 1007 2132 testatur
1020 2071 1187 2148 Etruscus,

441 2159 520 2219 Esse
535 2156 618 2237 qnod
632 2164 665 2217 et
680 2157 785 2216 comiti
800 2156 931 2236 contigit
947 2161 981 2215 et
994 2154 1111 2216 reduci.

755 2320 922 2383 LXXXIV.

402 2436 580 2513 Octaphoro
594 2454 685 2495 sunus
698 2441 858 2517 portatur,
879 2436 987 2513 Avite,
1004 2430 1178 2514 Philippus.

442 2519 534 2578 Hunc
547 2525 582 2578 tu
596 2520 624 2579 si
639 2538 744 2579 sanum
757 2517 878 2597 credis,
901 2520 1009 2597 Avite,
1030 2516 1119 2577 furis.

764 2679 917 2743 LXXXV.

401 2791 515 2852 Editur
528 2810 567 2851 cn
583 2798 687 2852 sextus
704 2793 772 2852 sine
788 2798 821 2851 te
835 2793 928 2869 mihi,
950 2791 1031 2852 Rufe
1048 2790 1193 2869 Camoni,

442 2875 508 2935 Nec
522 2882 553 2935 te
567 2875 719 2935 lectorem
734 2882 854 2956 sperat,
876 2877 991 2954 amice,
1012 2873 1104 2937 liber.

401 2960 497 3040 lmpia
511 2959 726 3040 cappadocum
740 2959 835 3020 tellus
850 2967 884 3020 et
897 2962 1021 3020 numine
1035 2958 1123 3020 laevo

442 3043 519 3105 Visa
531 3045 590 3104 tibi
606 3046 728 3105 cinerea
742 3043 849 3105 reddit
863 3051 898 3105 et
911 3064 981 3105 ossa
993 3046 1086 3126 patri.

379 3127 513 3189 5Funde
527 3133 581 3188 tuo
595 3127 756 3206 lacrimas,
779 3131 888 3190 orbata
900 3130 1055 3207 Bononia,
1076 3128 1175 3205 Rufo,

442 3212 484 3271 lit
498 3218 627 3272 resonet
641 3219 708 3272 tota
721 3211 862 3292 planctus
876 3215 909 3272 in
922 3212 1064 3273 Aemilia.

400 3296 471 3355 Heu
487 3291 585 3372 qualis
600 3298 718 3374 pietus,
741 3296 804 3355 heu
818 3315 908 3375 quam
924 3297 1027 3356 brevis
1041 3292 1155 3354 occidit
1171 3290 1269 3351 aetas!

442 3377 576 3440 Viderat
588 3376 702 3457 Alphei
717 3380 854 3458 praemia
872 3379 978 3456 quinta
992 3375 1094 3437 modo.

400 3463 535 3521 Pectore
549 3467 584 3518 tu
598 3462 865 3520 memorinostros
879 3460 1022 3520 evolvere
1036 3458 1139 3536 lusan,

359 3557 394 3608 10
444 3545 494 3604 Tu
508 3542 618 3603 solitus
631 3549 731 3620 totos,
751 3543 846 3620 Rufe,
870 3549 980 3603 tenere
993 3546 1096 3620 iocos,

402 3629 520 3707 Accipe
535 3647 603 3686 cum
617 3628 695 3688 fletu
709 3628 818 3687 maesti
834 3628 929 3686 breve
944 3646 1067 3688 carmen
1081 3625 1170 3686 amici

445 3714 550 3792 Atque
563 3712 641 3772 hacc
655 3713 792 3773 absentis
806 3717 876 3771 tura
889 3710 985 3772 fuisse
1001 3718 1152 3857 pmlol‘
