3434 4575
340 350 399 414 120
668 353 713 415 Μ.
732 353 822 416 VAL.
840 353 1065 415 MARTlALlS

836 505 884 565 Ll.

425 619 501 696 llic,
525 621 577 698 qui
590 616 707 678 libellis
722 626 921 699 praegravem
939 620 1021 697 gerit
1036 619 1172 702 laevam,

424 703 620 766 Notariorum
640 721 731 781 quem
746 703 861 781 premit
875 703 987 762 chorus
1001 701 1097 781 laris,

426 785 484 861 Qui
500 785 652 846 codicillis
668 788 739 845 hinc
759 794 792 845 et
805 784 879 846 iude
893 786 1023 867 prolatis

424 869 634 950 Epistulisque
652 869 825 930 commodat
839 889 962 948 gravem
978 869 1094 934 voltum

403 953 543 1016 assimilis
559 954 670 1013 Catoni
687 953 856 1032 Tullioque
873 954 1046 1034 Brutoque,

424 1039 625 1117 Exprimere,
647 1037 745 1115 Rufe,
766 1036 1002 1108 fidiculae-licet
1017 1046 1149 1118 cogant,

425 1123 490 1181 Ave
506 1122 664 1199 Latinum,
679 1130 770 1200 χαῖρε
785 1141 847 1181 non
862 1128 968 1203 potest
983 1123 1146 1189 Graecum.

295 1223 297 1228 ’
425 1206 459 1265 Si
474 1207 593 1283 lingere
608 1204 692 1265 istud
709 1225 758 1265 me
772 1212 878 1286 putas,
899 1206 1074 1268 salutemus.

828 1340 890 1400 Lll.

405 1493 407 1496 .
426 1436 511 1513 Quae
527 1438 601 1497 milri
616 1439 813 1517 praestiteris
831 1441 956 1499 memini
975 1458 1160 1520 semperque
1175 1445 1305 1508 tenebo.

468 1522 531 1581 Cur
545 1523 640 1600 igitur
653 1528 758 1598 taceo,
780 1523 948 1583 Postume?
981 1525 1030 1584 'l'n
1043 1523 1195 1604 loqueris.

425 1604 540 1685 Incipio
557 1607 699 1685 quotiens
715 1605 805 1666 alicui
820 1615 871 1667 tua
890 1607 970 1667 dona
984 1609 1124 1686 referre,

469 1691 615 1750 Protinus
631 1690 779 1750 exclamat
794 1691 944 1769 „Dixerat
958 1694 1026 1773 ipse
1042 1693 1150 1753 mihi.“

403 1773 497 1834 tNon
513 1772 598 1834 belle
613 1773 761 1852 quaedam
776 1775 894 1834 faciunt
909 1775 985 1836 duo:
1007 1777 1122 1836 sullicit
1137 1796 1219 1838 unus

467 1859 548 1918 Huic
562 1860 667 1938 operi:
690 1860 716 1918 si
730 1860 791 1936 vis,
813 1863 849 1918 ut
863 1855 989 1938 loquar,
1011 1862 1078 1940 ipse
1096 1866 1175 1920 tace.

427 1942 530 2003 Crede
546 1942 638 2020 mihi,
660 1944 794 2021 quamvis
808 1944 962 2022 ingentia,
985 1944 1148 2023 Postume,
1171 1944 1256 2007 dona

466 2026 611 2086 Auctoris
626 2033 761 2106 pereunt
775 2018 957 2106 garrulitate
973 2031 1029 2090 sui.

827 2162 902 2221 Llll.

428 2256 579 2320 Colchida
594 2256 669 2339 quid
683 2259 810 2337 scribis,
827 2257 902 2339 quid
917 2259 1043 2336 scribis,
1062 2260 1174 2338 amice,
1200 2262 1346 2345 Thyeste]

469 2339 535 2418 Quo
551 2345 608 2403 tibi
623 2340 673 2403 vel
686 2343 825 2421 Nioben,
847 2343 957 2420 Basse,
979 2342 1029 2402 vel
1044 2343 1313 2411 Andromachen?

424 2425 559 2487 Materia
574 2434 638 2506 est,
660 2426 864 2505 mihicrede,
887 2428 948 2486 tuis
965 2428 1121 2506 aptissima
1135 2432 1254 2493 chartis

470 2511 654 2590 Deucalion,
675 2509 726 2571 vel
743 2513 769 2570 si
781 2530 841 2570 nou
858 2511 961 2590 placet
975 2511 1043 2589 hic,
1065 2512 1237 2577 Phaethon.

821 2635 898 2697 Lrv.

423 2732 650 2814 Extemporalis
665 2736 763 2795 iactus
779 2741 827 2794 est
841 2752 927 2793 meus
941 2735 1064 2795 rhetor:

426 2813 628 2896 Calpurnium
642 2838 704 2879 non
720 2820 862 2898 scripsit,
885 2824 918 2878 ct
932 2816 1084 2878 salutavit.

830 2953 894 3014 LV.

424 3047 481 3106 Dic
493 3049 579 3127 milri,
594 3068 685 3128 quem
698 3056 815 3131 portas,
829 3048 989 3110 volucrum
1000 3051 1130 3129 regina?
1151 3049 1346 3128 „Tonantem

463 3130 557 3192 Nulla
572 3152 662 3193 mauu
677 3153 772 3213 quare
788 3133 918 3195 fulmina
932 3135 1055 3213 gestat?
1086 3135 1231 3213 „Amat.“

425 3216 492 3292 Quo
507 3216 591 3277 colet
604 3220 676 3297 igno
691 3217 790 3279 deust
816 3219 966 3298 „Pueri.“
998 3220 1061 3279 Cur
1076 3220 1159 3279 mitis
1175 3227 1287 3300 aperto

380 3367 382 3370 ¹
465 3300 607 3385 Respicis
624 3321 680 3363 ore
695 3303 819 3363 lovem?
845 3304 914 3381 „De
930 3303 1110 3383 Ganymede
1124 3301 1274 3383 loquor.“

820 3420 897 3483 LVl.

423 3517 480 3577 Cui
495 3517 615 3595 tradas,
636 3518 739 3598 Lupc,
757 3518 856 3578 lilium
872 3522 1033 3599 magistro,

423 3601 553 3677 Quaeris
568 3599 719 3663 sollicitus
736 3602 789 3662 diu
804 3617 965 3683 rugasque.
