3434 4575
342 448 406 515 224
659 450 703 511 M.
721 451 814 514 VAL.
831 451 1058 514 MARTlALlS

423 604 586 683 Rumpitur
600 600 732 680 invidia,
754 602 836 683 quod
850 606 918 665 sum
931 605 1083 667 iucundus
1098 609 1227 690 amicis,

384 699 417 751 ιο
465 685 554 764 Quod
569 687 694 746 conviva
708 686 872 766 frequens,
894 691 1046 770 rumpitur
1061 690 1188 755 invidia.

422 772 586 852 Rumpitur
599 769 729 847 invidia,
752 769 834 849 quod
850 791 985 833 amamur
999 773 1146 855 quodque
1161 780 1352 858 probamur:

464 856 649 935 Rumpatur,
672 854 809 933 quisquis
824 857 976 936 rumpitur
993 858 1118 924 invidia.

792 987 927 1053 xcviii.

421 1104 652 1169 Vindemiarum
665 1124 728 1164 non
742 1105 856 1184 ubique
872 1110 1039 1185 proventus

421 1190 577 1268 Gessavit,
598 1188 705 1264 Ovidi;
718 1187 828 1269 pluvia
842 1189 961 1269 profuit
976 1188 1110 1267 grandis.

420 1275 551 1335 Centum
567 1275 705 1334 Coranus
720 1274 882 1353 amphoras
898 1291 996 1353 aquae
1009 1273 1095 1336 fecit.

802 1406 910 1468 XCIX.

420 1521 544 1581 Marcus
560 1525 640 1580 amat
653 1526 775 1579 nostras
790 1520 959 1599 Antonius,
979 1521 1100 1598 Attice,
1121 1521 1251 1602 Musas,

462 1605 577 1665 Charta
591 1603 750 1663 salutatrix
764 1605 790 1663 si
805 1604 897 1664 modo
912 1623 985 1664 vera
999 1604 1115 1665 refert:

418 1687 542 1749 Marcus
557 1686 715 1748 Palladiae
727 1706 789 1746 non
804 1686 968 1747 inficianda
984 1685 1119 1747 Tolosae

460 1771 584 1852 Gloria,
608 1791 699 1852 quem
714 1772 820 1851 genuit
833 1772 918 1851 pacis
934 1769 1054 1830 alumna
1069 1771 1168 1850 quies.

396 1855 470 1919 5Tu
485 1859 537 1936 qui
549 1855 643 1936 longa
656 1862 746 1938 potes
761 1853 924 1935 dispendia
937 1855 1023 1914 ferre
1038 1855 1171 1935 viarum,

459 1942 488 2018 l,
509 1940 608 2021 liber,
630 1941 766 2002 absentis
780 1941 892 2019 pignus
906 1940 1067 2000 amicitiae.

417 2024 498 2088 Vilis
513 2045 599 2104 eras,
621 2026 739 2101 fateor,
761 2024 788 2083 si
802 2029 834 2082 te
851 2040 933 2082 nunc
948 2024 1088 2083 mitteret
1102 2029 1248 2103 emptor:

459 2110 585 2172 Grande
600 2110 644 2169 tui
658 2110 794 2188 pretium
807 2106 944 2166 muneris
958 2113 1064 2166 auctor
1082 2106 1153 2166 erit.

417 2193 567 2272 Multum,
589 2192 684 2253 credo
698 2193 788 2270 mibi,
809 2191 927 2268 refert,
951 2190 1069 2250 afonte
1083 2190 1212 2252 bibatur

375 2286 408 2339 10
457 2280 541 2356 Quae
556 2278 640 2356 fluit,
663 2297 701 2336 an
714 2277 804 2358 pigro
819 2293 898 2355 quae
914 2279 1018 2356 stupet
1031 2272 1113 2337 unda
1125 2271 1209 2340 lacu.

830 2410 864 2470 0.

416 2525 546 2584 Denaris
561 2525 660 2584 tribus
677 2524 788 2584 invitas
802 2530 835 2583 et
848 2542 937 2583 mane
953 2528 1089 2602 togatum

457 2608 630 2669 Observare
644 2610 732 2669 iubes
748 2609 840 2686 atria,
859 2607 970 2685 Basse,
993 2613 1060 2667 tua:

414 2692 535 2754 Deinde
551 2694 685 2753 haerere
700 2698 753 2753 tuo
766 2691 875 2768 lateri,
895 2690 1087 2771 praecedere
1103 2687 1233 2771 sellam,

455 2777 505 2837 Ad
518 2776 637 2839 vetulas
652 2784 754 2838 tecum
767 2775 839 2856 plus
853 2776 953 2836 minus
968 2777 1017 2835 irc
1032 2773 1149 2835 decem.

391 2860 504 2922 bTrita
519 2860 643 2942 quidem
657 2863 746 2922 nobis
759 2858 865 2939 togula
878 2865 927 2919 est
940 2858 1070 2938 vilisque
1085 2863 1257 2939 vetusque:

455 2946 585 3006 Denaris
600 2952 702 3005 tamen
715 2945 793 3005 hanc
807 2963 871 3003 non
887 2962 973 3022 emo,
993 2944 1104 3022 Basse,
1125 2944 1240 3005 tribus.

825 3078 874 3139 ci.

411 3190 527 3273 Appia,
549 3210 638 3270 quam
652 3188 745 3251 simili
758 3189 952 3251 venerandus
966 3191 999 3249 iu
1012 3188 1150 3252 Hercule
1165 3191 1287 3254 Caesar

454 3276 640 3354 Consecrat,
663 3275 818 3336 Ausoniae
832 3275 961 3333 maxima
975 3275 1055 3334 fama
1068 3275 1152 3353 viae,

412 3360 446 3421 Si
462 3361 548 3441 cupis
562 3358 692 3421 Alcidae
708 3377 896 3438 cognoscere
913 3358 993 3417 facta
1008 3359 1139 3438 prioris,

453 3446 561 3504 Disce:
582 3444 683 3523 Libyn
700 3441 833 3519 domuit,
855 3461 948 3502 aurea
961 3461 1051 3522 poma
1066 3441 1155 3519 tulit3

390 3527 566 3590 5Peltatam
581 3528 727 3607 Scythico
743 3526 888 3586 discinxit
905 3528 1058 3586 Amazona
1072 3525 1172 3607 nodo,

452 3611 582 3673 Addidit
596 3610 731 3672 Arcadio
745 3617 833 3689 terga
847 3608 950 3671 leonis
965 3630 1057 3691 apro;

410 3695 598 3778 Aeripedem
613 3694 696 3756 silvis
711 3713 847 3775 cervam,
866 3692 1094 3776 Stymphalidas
1110 3695 1205 3756 astris
