3434 4575
697 471 823 524 sauma
848 469 926 524 xrrr.
1268 462 1306 528 tt

314 595 437 700 Effigies
460 615 537 680 inter
558 624 672 679 vestras
692 625 873 700 statuamque
895 612 1023 697 Vagelli.

353 704 486 784 Accipe,
511 721 588 785 quae
612 712 713 763 eontra
730 703 827 764 valeat
847 703 952 765 solatia
972 704 1052 766 ierne
1105 783 1107 787 .
1262 721 1311 776 tuo

313 789 349 851 lit
369 790 419 870 qui
441 807 497 850 nec
519 786 666 866 (lybicos,
689 807 746 848 neo
767 790 868 850 Stoica
890 788 1026 868 dogmata
1049 790 1121 868 legit

313 876 338 936 A
361 873 479 952 cynicis
501 874 598 935 tunica
620 872 774 950 distantia,
797 890 855 934 non
875 873 1034 953 Epicurum

312 960 441 1040 Suspicit
460 958 559 1037 exigui
581 957 689 1019 laetum
712 957 893 1036 plantaribus
914 958 1000 1020 borti.

312 1042 457 1106 (iurentur
478 1042 558 1104 dubii
580 1043 702 1104 medicis
723 1043 883 1104 maioribus
903 1045 996 1122 aegri,

311 1128 354 1190 'lu
384 1146 489 1190 venam
521 1127 571 1191 rel
602 1126 749 1206 discipulo
770 1130 917 1190 committe
936 1128 1070 1208 Philippi.

311 1215 343 1277 Si
360 1213 469 1302 nullum
491 1213 520 1272 in
542 1213 629 1273 terris
652 1221 709 1273 tam
732 1213 909 1274 detestabile
932 1213 1039 1275 iactum

311 1298 470 1376 Ostendis,
493 1307 597 1372 taceo,
622 1315 678 1358 nec
703 1299 809 1377 pugnis
833 1299 962 1360 caedere
983 1309 1087 1379 pectus

311 1384 354 1446 'le
375 1391 446 1443 veto
469 1400 526 1443 nec
549 1380 634 1460 plana
657 1382 763 1443 faciem
786 1384 966 1444 contundere
989 1383 1099 1463 palma:

312 1467 555 1546 Quandoquidem
576 1476 704 1546 accepto
727 1467 889 1529 claudenda
910 1477 956 1529 est
978 1469 1061 1529 ianua
1084 1468 1198 1547 damno,

311 1552 348 1614 br
370 1553 481 1613 maiore
504 1551 606 1611 domus
628 1553 756 1629 gemitu,
777 1554 888 1613 maiore
911 1554 1031 1615 tumultu

312 1637 490 1715 Planguntur
508 1637 628 1713 nummi,
651 1655 736 1717 quam
760 1637 873 1698 lunera.
918 1635 1012 1698 Nemo
1035 1635 1168 1698 dolorem

312 1720 407 1800 Fingit
429 1722 458 1781 in
478 1720 536 1782 boc
558 1739 644 1791 casu,
665 1731 778 1783 vestem
800 1722 940 1784 diducere
961 1739 1098 1783 summam

313 1805 491 1882 contentus,
514 1823 624 1866 vexare
648 1807 753 1868 oculos
772 1806 894 1868 humore
918 1817 1038 1868 coacto:

311 1890 447 1953 Ploratur
468 1890 596 1953 lacrimis
619 1893 725 1952 amissa
749 1893 873 1971 pecunia
892 1893 981 1952 veris.

312 1977 372 2038 Sed
394 1977 419 2037 si
441 1985 546 2038 cuncta
567 1975 651 2036 vides
675 1977 759 2039 simili
781 1977 846 2038 iora
869 1977 956 2056 plena
979 1977 1124 2058 querella,

312 2062 343 2124 Si
367 2062 469 2123 decies
491 2060 577 2123 lectis
598 2060 715 2123 diversa
738 2071 823 2142 parte
843 2061 962 2123 tabellis

311 2146 393 2207 Vana
414 2147 590 2226 supervacui
612 2145 710 2208 dicunt
736 2147 933 2226 chirographa
955 2147 1037 2226 ligni,

313 2231 417 2311 Arguit
440 2233 569 2311 ipsomm
592 2249 666 2312 quos
690 2232 786 2294 littera
809 2249 983 2312 gemmaque
1007 2233 1146 2313 princeps

312 2316 547 2393 sardonychum,
567 2316 674 2378 loculis
697 2336 772 2398 quae
798 2319 959 2379 custoditur
981 2317 1116 2379 eburnis:

312 2400 402 2479 Ten’,
427 2418 445 2463 o
467 2401 606 2463 delicias!
631 2411 713 2464 extra
738 2406 899 2464 communia
920 2420 1026 2464 censes

313 2486 498 2563 Ponendum,
519 2488 586 2566 quia
603 2496 632 2548 tu
655 2487 782 2567 gallinae
805 2488 882 2550 lilius
903 2487 1000 2565 albae,

312 2569 374 2631 blus
395 2571 471 2632 riles
494 2572 585 2650 pulli,
608 2576 666 2632 nati
689 2573 855 2633 infelicibus
879 2569 964 2632 crisi

312 2655 385 2716 llem
405 2657 516 2736 pateris
538 2658 681 2718 modicam
704 2669 734 2719 et
755 2658 897 2719 mediocri
919 2656 978 2717 bile
1000 2655 1161 2730 ferendam,

312 2742 343 2801 Si
359 2740 470 2802 flectas
493 2741 598 2803 oculos
619 2743 729 2804 maiora
751 2743 787 2804 ad
811 2743 939 2804 crimina.
987 2736 1099 2800 Conier

313 2822 495 2886 Conductum
515 2826 674 2904 latronem,
698 2826 832 2889 incendia
864 2827 976 2889 sulfure
1017 2832 1124 2903 coepta

313 2910 410 2990 Atque
433 2910 519 2987 dolo,
544 2914 654 2991 primos
677 2932 762 2992 quum
786 2914 870 2974 ianua
894 2909 1007 2989 colligit
1029 2912 1130 2988 igues;

314 2993 424 3057 Confer
447 3006 476 3058 et
498 2995 571 3074 hos,
592 2999 703 3058 veteris
727 2999 776 3079 qui
799 2998 909 3074 tollunt
925 2995 1047 3074 grandia
1071 2994 1171 3073 templi

313 3080 421 3141 Pocula
440 3082 607 3144 adorandae
631 3082 772 3161 robiginis
791 3093 820 3143 et
844 3081 1020 3161 populorum

313 3164 397 3226 Dona
419 3166 468 3227 vel
485 3168 604 3247 antiquo
626 3169 738 3246 positas
759 3186 775 3228 a
798 3186 873 3246 rege
896 3183 1031 3228 coronas.
1096 3165 1098 3171 '

313 3248 394 3310 llaec
415 3250 454 3311 ibi
474 3252 574 3311 sinon
597 3261 679 3328 sunt,
702 3254 796 3312 minor
818 3261 915 3314 exstat
937 3251 1118 3328 sacrilegus,
1145 3247 1194 3326 qui

314 3334 408 3394 lladat
429 3336 549 3397 inaurati
569 3337 663 3397 lemur
678 3336 814 3398 Herculis
838 3346 868 3397 et
891 3336 997 3396 faciem
1019 3335 1110 3413 ipsam

313 3417 455 3498 Neptuni,
479 3422 527 3501 qui
549 3420 730 3482 bracteolarn
754 3422 791 3482 de
815 3418 941 3482 Castore
964 3420 1065 3484 ducat;

312 3502 358 3562 An
380 3503 509 3584 dubitet,
532 3506 635 3567 solitus
656 3515 747 3567 totum
771 3506 901 3568 conflare
925 3498 1105 3565 Tonantem?

313 3583 424 3649 Confer
446 3598 476 3650 et
497 3590 626 3652 artilices
646 3600 901 3671 mercatoremque
923 3590 1029 3648 veneni

312 3669 349 3732 lit
372 3670 574 3737 deducendum
592 3678 674 3737 corio
693 3676 777 3737 boris
798 3677 945 3750 inmare,
968 3691 1033 3733 cum
1055 3689 1114 3753 quo

312 3753 464 3820 clauditur
485 3759 618 3821 adversis
639 3761 757 3823 innoxia
779 3761 862 3822 simia
880 3760 957 3821 latis.
