3434 4575
686 453 731 516 Μ.
746 453 838 517 vm..
855 452 1082 515 MARTIALIS

836 655 930 717 XLV.

445 769 586 831 HaedIna
600 772 657 831 tibi
676 770 759 852 pelle
776 772 955 849 contegenti

444 853 552 915 Nudae
566 862 706 935 tempora
721 856 931 933 verticemque
946 852 1066 932 calvae,

444 938 571 1000 Festive
586 940 662 1017 tibi,
682 939 826 1016 Phoebe,
850 936 928 997 dixit
941 936 1015 1016 ille,

445 1023 504 1097 Qui
520 1022 598 1083 dixit
612 1030 703 1104 caput
720 1040 789 1082 esse
804 1021 974 1084 calciatum.

833 1155 940 1217 XLVI.

446 1268 595 1331 Vendunt
609 1270 742 1329 carmina
759 1268 865 1329 Gallus
882 1273 916 1327 et
930 1268 1099 1346 Lupercus.

444 1352 557 1431 Sanos,
580 1352 732 1431 Classice,
752 1372 832 1412 nunc
847 1370 926 1430 nega
939 1356 1056 1431 poetas.

819 1485 939 1548 XLVII.

446 1598 591 1660 Difficilis
606 1598 722 1677 facilis,
741 1598 893 1677 iucundus
909 1601 1038 1659 acerbus
1054 1616 1087 1658 es
1102 1596 1211 1661 idem:

485 1683 551 1743 Nec
565 1689 668 1743 tecum
684 1702 809 1763 possum
822 1685 944 1760 vivere,
965 1702 1024 1743 nec
1038 1684 1105 1742 sine
1120 1689 1166 1745 te.

811 1822 945 1890 XLVIII.

445 1940 570 2000 Boletos
590 1945 622 2000 et
638 1958 744 2019 aprum
758 1940 785 1998 si
800 1945 944 2017 tanquam
958 1938 1030 1998 vilia
1043 1939 1152 2019 ponis,

485 2026 528 2085 Et
539 2044 601 2084 non
616 2041 686 2083 esse
700 2029 789 2102 putas
804 2023 881 2082 haec
897 2042 964 2082 mea
977 2028 1063 2101 vota,
1084 2020 1168 2086 volo.

445 2108 478 2167 Si
493 2110 683 2168 fortunatum
698 2107 769 2165 fieri
783 2125 833 2165 me
851 2105 954 2166 credis
969 2112 1001 2166 et
1015 2108 1109 2166 heres

487 2192 543 2253 Vis
558 2192 654 2251 scribi
668 2196 801 2270 propter
816 2191 952 2269 quinque
967 2191 1117 2267 Lucrina,
1138 2190 1223 2254 vale.

421 2274 540 2337 5Lauta
556 2281 658 2335 tamen
675 2293 751 2333 cena
766 2279 830 2333 est:
851 2273 970 2353 fateor,
991 2274 1178 2354 lautissima,
1203 2278 1270 2340 aed
1287 2301 1359 2345 cras

485 2358 537 2419 Nil
551 2360 628 2435 erit,
649 2358 741 2416 immo
756 2357 867 2435 hodie,
887 2360 1134 2440 protinus‘Immo
1149 2363 1256 2442 nihil,

444 2441 533 2518 Quod
550 2443 628 2502 sciat
641 2439 752 2501 Infelix
766 2440 925 2504 damnatae
940 2445 1068 2523 spongia
1080 2445 1204 2523 virgae,

487 2525 548 2588 Vel
564 2527 738 2606 quIcunque
753 2527 838 2586 canis
851 2528 1017 2605 Iunctaque
1031 2533 1113 2587 testa
1126 2529 1205 2590 viae.

444 2607 615 2669 Mullorum
629 2608 834 2689 leporumque
848 2617 881 2670 et
896 2613 1022 2672 suminis
1037 2612 1136 2671 cultus
1151 2613 1207 2673 hic
1223 2623 1300 2697 est,

404 2705 436 2756 10
489 2693 744 2774 Sulphureusque
760 2693 848 2754 color
863 2696 1084 2774 carnificesque
1099 2695 1209 2776 pedes.

442 2777 512 2837 Non
527 2778 646 2839 Albana
661 2779 736 2838 mihi
750 2780 791 2837 ait
805 2780 980 2839 comissatio
995 2781 1090 2857 tanti,

486 2861 552 2921 Nec
568 2861 761 2942 Capitolinae
775 2862 1017 2942 pontificumque
1032 2862 1136 2942 dapes.
1265 2868 1268 2870 ’

444 2945 578 3023 imputet
591 2947 658 3024 ipse
674 2942 750 3004 deus
766 2952 872 3005 nectar
889 2947 980 3025 mihi,
1002 2947 1210 3027 deuectum,

485 3028 528 3088 Et
541 3028 684 3090 Vaticani
696 3027 816 3107 perlida
829 3049 926 3109 vappa
941 3031 1017 3091 cadi.

403 3112 592 3174 tricensima
607 3113 683 3173 alios
700 3130 844 3173 cenarum
859 3132 974 3192 quaere
989 3115 1152 3193 magister,

486 3196 707 3276 Quos'capiant
721 3214 845 3256 mensae
858 3215 955 3276 regna
970 3200 1103 3277 superba
1117 3204 1200 3262 tuae.

443 3280 497 3340 Me
509 3299 596 3340 meus
611 3279 649 3339 ad
663 3281 779 3340 subitas
792 3282 904 3341 invitet
921 3283 1033 3341 amicus
1048 3280 1174 3343 oieIIas:

485 3364 572 3424 Haec
585 3364 676 3443 mihi,
697 3383 786 3443 quam
800 3383 924 3444 possum
938 3364 1089 3443 reddere,
1113 3384 1191 3429 cena
1205 3368 1331 3451 placet.

815 3490 920 3555 XLIX.

443 3605 581 3666 Crinitae
596 3606 675 3667 Line
689 3605 867 3686 paedagoge
882 3609 1007 3684 turbae,

441 3687 558 3749 Rerum
575 3709 665 3769 quem
680 3691 834 3752 dominum
849 3697 938 3751 vocat
953 3709 1074 3751 suarum
