3434 4575
705 489 828 540 aarum
854 488 891 538 11.

362 626 429 692 Nou
449 628 515 693 tulit
536 647 575 692 ex
596 629 655 692 illis
677 641 789 692 torvum
812 628 1101 711 lamnisquendam

302 715 482 778 clamantem
505 718 610 776 toties:
634 716 682 776 nbi
705 735 780 776 nnnc
801 716 850 777 lex
874 712 967 776 lolia?
991 713 1120 776 dormis?

303 804 399 880 Atque
424 803 460 861 ita
483 800 652 861 subridens:
677 800 787 861 Felicia
809 811 958 878 tempora,
983 818 1057 879 quae
1082 811 1110 860 te

301 887 432 945 lloribus
455 887 620 964 opponunt!
644 885 751 945 haheat
772 887 825 945 iam
850 885 951 944 Roma*
965 885 1123 963 pudorem:

300 970 418 1030 Tertius
441 988 458 1030 e
482 970 569 1030 coelo
593 971 698 1030 cecidit
721 967 811 1030 Cato!
833 969 886 1029 sed
906 979 1001 1029 tamen
1025 970 1099 1029 unde

301 1055 381 1115 llaec
404 1055 496 1130 emis,
519 1055 630 1115 hirsuto
653 1056 765 1133 spirant
787 1054 976 1132 opobalsama
999 1054 1077 1114 collo

302 1138 383 1212 erae
407 1135 481 1198 tibi‘i
502 1157 539 1199 ne
562 1140 668 1218 pudeat
690 1139 832 1198 dominum
856 1147 1017 1199 monstrare
1040 1137 1188 1197 tabernae.

301 1224 385 1297 erod
410 1225 435 1282 si
452 1233 595 1283 vexantur
615 1223 717 1300 leges,
739 1231 768 1283 at
789 1225 852 1283 iure
875 1224 957 1283 citari

302 1309 377 1367 Ante
400 1324 502 1367 omnes
524 1307 612 1368 debet
628 1308 792 1378 Scantinia3
830 1309 947 1386 respice
968 1308 1086 1385 primum

302 1391 337 1451 Et
359 1401 493 1452 scrutare
513 1394 612 1452 viros:
635 1392 744 1452 iaciunt
768 1390 796 1451 hi
819 1393 918 1470 plura,
943 1390 1084 1451 sedilios

303 1475 441 1537 Defendit
463 1494 598 1536 numerus
622 1478 796 1555 iunctaeque
820 1475 946 1535 umbone
971 1475 1141 1554 phalanges.

301 1560 406 1638 Magna
430 1562 504 1620 iuter
525 1561 631 1621 molles
653 1561 827 1627 concordia:
850 1578 907 1619 non
929 1561 984 1620 erit
1006 1559 1094 1620 ullum

301 1644 476 1724 Exemplum
499 1645 527 1704 in
550 1655 651 1706 nostro
674 1656 729 1706 tam
750 1644 927 1706 detestabile
945 1663 1026 1705 sexu.

302 1729 394 1790 Vadia
415 1746 473 1789 non
497 1729 596 1790 lambit
619 1727 749 1790 Cluviam
773 1749 829 1789 nec
850 1728 939 1790 Flora
963 1726 1121 1788 Catullum:

301 1813 392 1892 Hispo
413 1813 490 1874 subit
509 1815 630 1874 iuvenes
653 1823 682 1875 at
703 1814 805 1874 morbo
825 1814 917 1893 pallet
939 1823 1073 1891 utroque.

301 1898 445 1978 Numquid
468 1915 521 1958 nos
545 1899 657 1976 agimus
681 1917 801 1972 causas,
826 1898 922 1958 civilia
947 1898 1008 1957 iura

301 1983 456 2058 Novimus,
479 1993 526 2043 aut
548 1983 609 2043 ullo
631 1985 755 2063 strepitu
779 1983 841 2043 lora
865 1992 964 2042 vestra
987 1978 1156 2042 movemus?

301 2062 457 2127 Luctantur
474 2086 609 2146 «paucae,
634 2067 787 2127 comedunt
800 2066 939 2145 colyphia
960 2083 1086 2145 paucae:

304 2152 363 2211 Vos
388 2152 481 2212 lanam
505 2152 616 2212 trahitis
641 2153 823 2230 calathisque
846 2161 967 2231 peracta
988 2150 1105 2210 reiertis

302 2235 439 2310 Vellera,
464 2253 517 2296 vos
540 2237 618 2297 tenni
642 2246 831 2315 praegnatem
854 2238 976 2297 stamine
998 2235 1092 2296 lusum

299 2321 451 2400 Penelope
474 2320 595 2396 melius,
618 2321 712 2381 levius
735 2324 878 2400 torquetis
902 2322 1054 2395 Arachne,

300 2405 426 2466 Horrida
449 2407 536 2485 quale
560 2406 629 2465 lacit
651 2407 785 2466 residens
809 2407 836 2465 iu
855 2407 959 2467 codice
983 2405 1091 2485 pellex.

300 2481 406 2549 Notum
431 2499 492 2565 est,
518 2509 569 2550 cur
591 2490 656 2551 solo
680 2490 793 2551 tabulas
815 2492 982 2568 impleverit
1003 2489 1102 2552 llister

300 2574 437 2649 liberto,
461 2574 576 2635 dederit
598 2576 681 2635 vivus
701 2594 752 2636 cur
771 2576 857 2635 multa
881 2574 1008 2655 puellae.

301 2659 392 2719 [livea
414 2658 486 2733 erit,
506 2676 611 2736 magno
631 2678 708 2739 quae
730 2660 834 2719 dormit
856 2660 941 2720 tertia
964 2659 1052 2719 lecto.

300 2742 341 2803 'lu
364 2742 442 2802 nube
464 2752 552 2823 atque
574 2753 657 2805 tace:
678 2743 785 2805 donant
806 2763 911 2805 arcana
934 2743 1091 2819 cylindros.

300 2827 343 2887 De
368 2826 455 2887 nobis
476 2836 543 2904 post
564 2827 640 2888 haec
661 2829 751 2887 tristis
774 2830 917 2888 sententia
941 2828 1046 2891 lentur:

301 2910 355 2971 liat
377 2912 492 2971 veniam
515 2914 629 2987 corvis,
652 2922 741 2972 vexat
762 2932 885 2973 censura
909 2911 1069 2972 columbas.

363 2994 514 3073 Fugerunt
535 2996 642 3074 trepidi
663 3014 734 3056 vera
758 3009 793 3058 ac
814 2997 967 3057 manifesta
990 3006 1140 3058 canentem

300 3080 466 3147 Stoicidae;
498 3082 565 3160 quid
590 3080 665 3141 enim
685 3081 751 3141 lalsi
773 3078 918 3142 Laronia?
942 3081 994 3141 sed
1019 3082 1085 3161 quid

301 3163 364 3224 Non
387 3164 498 3224 iaciant
519 3165 583 3241 alil,
607 3184 691 3245 quum
714 3174 743 3225 tn
767 3166 893 3226 multicia
914 3184 1026 3242 sumas,

303 3247 438 3322 Cretica,
462 3257 491 3308 et
510 3247 584 3309 hanc
606 3260 719 3309 vestem
744 3251 855 3328 populo
877 3251 998 3310 mirante
1019 3267 1143 3328 perores

301 3332 330 3393 ln
354 3332 494 3393 Proculas
517 3343 547 3393 et
568 3330 722 3394 Pollittas?
752 3344 797 3394 est
819 3334 941 3395 moecha
962 3333 1097 3395 Fabulla:

302 3415 476 3492 damnetur,
501 3418 528 3477 si
548 3419 607 3492 vis,
633 3419 718 3477 etiam
742 3415 883 3480 Carfinia:
909 3420 996 3478 talem

301 3499 363 3561 Non
386 3510 482 3563 sumet
504 3501 635 3562 damnata
658 3511 765 3580 togam.
781 3534 824 3547 --
844 3501 904 3560 Sed
927 3501 1016 3561 lulius
1037 3501 1137 3579 ardet,

303 3584 422 3647 destno.
433 3621 477 3629 —
489 3583 589 3644 Nudus
600 3602 687 3662 agas:
709 3588 800 3646 minus
813 3595 858 3646 est
868 3588 976 3645 insania
1000 3585 1105 3665 turpis!

302 3668 342 3729 En
364 3670 511 3743 habitum,
533 3686 591 3749 qno
614 3679 642 3729 te
666 3669 752 3748 leges
774 3690 809 3732 ac
832 3672 895 3731 iura
918 3671 1061 3730 ferentem

302 3753 477 3817 Vulneribus
499 3755 597 3815 crudis
618 3754 744 3830 populus
766 3755 853 3815 modo
874 3756 969 3815 victor
990 3764 1019 3814 ct
1042 3754 1116 3830 illud
