3434 4575
539 359 880 421 EPIGRAMMATON
893 359 966 419 LIB.
983 359 1061 421 XIII.
1265 358 1327 424 317

666 560 744 620 x01.
771 562 943 639 Acipensis.

337 663 339 665 ¹
363 676 415 740 Ad
429 674 584 736 PalatInas
600 674 776 753 acipensem
791 673 907 731 mittite
924 689 1054 735 mensas.

406 759 586 822 Ambrosias
602 762 716 817 ornent
730 775 859 816 munera
872 776 945 816 rara
959 755 1063 837 dapes.

633 889 635 891 ’
670 890 762 952 xcil.
785 889 935 970 Lepores.

362 962 448 1056 Inter
464 1010 534 1052 aves
549 987 675 1066 turdus,
696 991 723 1048 si
739 987 813 1066 quid
826 1007 876 1047 me
891 987 994 1048 iudice
1010 992 1129 1047 certum
1145 992 1210 1066 est,

335 1093 354 1138 fi
405 1079 492 1138 Inter
507 1072 724 1154 quadpupedes
738 1078 852 1132 mattea
865 1074 965 1152 prima
979 1069 1079 1151 lepus.

687 1207 792 1266 XCIII.
819 1208 913 1288 Aper.

365 1309 427 1386 Qui
441 1303 611 1366 Diomediis
627 1303 812 1363 metuendus
827 1306 945 1383 setiger
960 1304 1041 1382 agris

407 1389 518 1451 Aetola
531 1386 645 1450 cecidit
660 1386 806 1468 cuspide,
819 1387 899 1465 ,talis
915 1393 992 1448 erat.
1108 1434 1110 1439 .

653 1518 762 1581 xcw.
787 1520 952 1580 Dammae.

365 1619 467 1679 Dente
480 1620 609 1678 timetur
625 1635 716 1697 aper,
739 1615 914 1676 defendunt
929 1632 1044 1675 cornua
1055 1632 1194 1676 cervum:

408 1700 551 1763 Imbelles
568 1702 704 1762 dammae
721 1699 811 1778 quid,
833 1701 895 1759 nisi
910 1695 1044 1780 praeda,
1068 1699 1194 1759 snmus?

698 1832 793 1893 XCV.
820 1830 916 1910 Oryx.

365 1932 587 1993 Matutinarum
606 1952 669 1992 non
683 1932 792 1993 ultima
806 1932 921 2013 praeda
935 1933 1072 1993 ferarum

408 2017 521 2078 Saevos
536 2037 613 2096 oryx
629 2023 751 2077 constat
766 2023 841 2095 quot
854 2017 931 2076 mihi
945 2023 1046 2077 morte
1062 2019 1186 2079 canum!

675 2148 783 2210 xcvi.
811 2147 934 2209 Cervos.

365 2244 426 2304 Hic
442 2251 510 2304 erat
523 2244 578 2305 ille
591 2251 645 2306 tuc
664 2245 812 2323 domitus,
835 2247 1018 2328 Cyparissc,
1041 2248 1200 2328 capIstro‘I

410 2328 459 2386 An
472 2330 568 2405 magis
581 2329 642 2387 iste
658 2336 745 2407 tuus,
767 2331 877 2408 Silvia,
899 2333 1113 2392 seruauerat?

668 2460 790 2523 XCVII.
814 2461 945 2524 Lalisio.

366 2556 446 2615 Dum
461 2562 553 2617 tener
567 2565 617 2619 est
632 2578 747 2638 onager
764 2560 893 2638 solaque
908 2559 1010 2620 lalisio
1026 2566 1125 2620 matre

409 2641 566 2720 Pascitur,
587 2643 648 2703 hoc
660 2644 779 2722 infans,
802 2642 858 2704 sed
873 2646 968 2705 breve
982 2663 1096 2704 nomen
1111 2644 1217 2707 habet.

658 2775 794 2837 XCVIII.
820 2775 954 2835 Dorcas.

366 2867 519 2929 Delicium
533 2891 627 2949 parvo
643 2869 771 2930 donabis
787 2870 921 2931 dorcada
934 2878 1023 2932 nato:

409 2955 531 3013 Iactatis
547 2953 628 3014 solet
640 2956 720 3014 hanc
734 2955 861 3015 mittere
876 2958 967 3016 turba
981 2957 1071 3036 togis.

671 3089 778 3149 xcix.
804 3089 937 3170 Caprea.

367 3184 563 3246 Pendentem
580 3205 694 3262 summa
711 3206 852 3266 capream
869 3186 907 3245 de
920 3205 998 3266 rupe
1013 3184 1148 3245 videbis:

413 3270 559 3330 Casuram
575 3287 701 3348 spercs3
724 3270 858 3348 despicit
873 3267 930 3326 illa
946 3288 1046 3329 canes.

714 3402 748 3464 0.
774 3401 911 3481 Onager.

369 3494 508 3557 Pulcher
526 3496 615 3558 adest
628 3516 758 3575 onager:
781 3499 864 3557 mitti
879 3502 1001 3559 venatio
1018 3499 1113 3560 debet

410 3581 520 3642 Dentis
532 3582 713 3661 ErythuacI:
729 3583 790 3643 iam
804 3589 962 3643 removete
977 3585 1070 3645 siuns.
