3434 4575
692 869 731 959 n.
758 865 868 1005 mnu
893 863 1119 959 tubunis

809 1019 990 1096 atttttltts

552 1143 1230 1268 'snttRnRtttt

744 1384 847 1448 ttssttt
874 1379 1054 1447 SECUNDUS.

818 1554 986 1566 *-

722 1685 1082 1753 SATIRAVI.

402 1797 504 1891 credo
527 1827 696 1890 Pudicitiam
720 1834 843 1893 Saturno
868 1852 941 1912 rege
964 1839 1102 1891 moratam

405 1912 438 1976 ln
460 1914 547 1974 terris
569 1915 719 1996 visamque
742 1917 807 1994 diu,
832 1937 917 1998 quum
942 1915 1046 1994 frigida
1070 1929 1176 1993 parvas

406 1996 567 2059 Praeberet
589 2000 729 2078 spelunca
753 2003 855 2063 domos
879 2004 1034 2080 ignemque
1056 1999 1205 2075 laremque

408 2081 443 2143 Et
465 2101 558 2161 pecus
580 2093 610 2144 et
632 2083 764 2145 dominos
788 2087 930 2147 communi
954 2085 1104 2146 clauderet
1127 2078 1240 2146 umbra:

406 2168 577 2228 silvestrem
599 2179 732 2230 montana
753 2180 846 2230 torum
866 2189 952 2250 quum
974 2175 1121 2229 sterneret
1144 2180 1218 2223 uxor
1385 2174 1401 2225 o

407 2250 570 2313 Fraudibus
595 2263 625 2314 et
648 2253 742 2315 culmo
763 2256 980 2334 vicinarumque
1003 2254 1130 2314 ferarum

405 2337 553 2414 Pellibus,
577 2338 651 2400 baud
673 2340 773 2400 similis
797 2340 867 2417 tibi,
889 2339 1028 2415 Cynthia,
1050 2355 1106 2397 nec
1126 2333 1194 2410 tibi,
1219 2335 1300 2393 cuius

406 2421 545 2483 Turbarit
568 2423 675 2483 nitidos
697 2422 858 2485 exstinctus
878 2443 983 2503 passer
1005 2421 1131 2497 ocellos,

406 2508 465 2568 Sed
489 2508 616 2587 potanda
642 2508 742 2570 ierens
765 2509 921 2570 infamibus
944 2507 1034 2569 ubera
1057 2505 1179 2584 magnis,

405 2590 442 2653 Et
460 2610 552 2670 saepe
574 2592 720 2653 horridior
740 2595 876 2673 glandem
899 2604 1031 2654 ructante
1054 2593 1166 2653 marito.
1368 2602 1401 2652 to

406 2676 523 2755 Quippe
546 2676 630 2738 aliter
649 2686 717 2738 tunc
737 2679 809 2739 orbe
832 2696 910 2739 novo
933 2678 1079 2757 coeloque
1104 2674 1216 2735 recenti

405 2759 551 2821 vivebant
574 2762 723 2841 homines,
749 2766 797 2844 qui
820 2773 906 2843 rupto
930 2763 1040 2823 robore
1063 2762 1120 2821 nati

406 2842 606 2924 compositive
629 2847 689 2908 luto
713 2848 809 2909 nullos
832 2847 963 2909 habuere
986 2856 1133 2927 parentes.

405 2928 494 2990 llulta
517 2930 674 3009 pudicitiae
696 2935 806 2993 veteris
829 2934 953 3010 vestigia
975 2931 1076 2991 forsan

407 3015 464 3075 dut
486 3014 582 3094 aliqua
606 3018 770 3077 exstiterint
792 3027 822 3077 et
842 3016 896 3077 sub
918 3017 1004 3084 love:
1030 3014 1083 3075 sed
1105 3012 1176 3073 love
1198 3011 1322 3072 nondum
1371 3022 1401 3073 tt

406 3097 548 3175 barbato,
573 3100 696 3160 nondum
720 3100 841 3162 Graecis
865 3103 961 3161 iurare
985 3101 1093 3179 paratis

407 3183 462 3245 Per
484 3192 570 3263 caput
591 3184 725 3260 alterius,
750 3204 835 3266 qurum
857 3186 949 3245 iurem
972 3201 1057 3245 nemo
1079 3184 1194 3242 timeret

407 3267 545 3330 Cautibus
569 3278 599 3330 et
620 3271 715 3348 pomis
737 3280 765 3330 et
786 3281 889 3350 aperto
913 3272 1027 3329 viveret
1049 3268 1144 3329 horto.

406 3353 542 3414 Paulatim
565 3352 671 3415 deinde
693 3356 730 3415 ad
751 3373 877 3435 superos
900 3352 1023 3415 Astraea
1045 3352 1170 3412 recessit

407 3436 467 3499 llac
490 3442 613 3514 comite,
638 3448 724 3519 atqua
747 3439 822 3501 duae
848 3440 957 3519 pariter
980 3439 1083 3516 lugere
1105 3453 1234 3497 sorores.
1368 3444 1401 3495 πο

407 3522 561 3603 Antiquum
585 3533 720 3585 etvetus
744 3534 789 3585 est
811 3524 953 3599 alienum,
976 3523 1129 3598 Postume,
1153 3520 1258 3580 lectum

408 3604 574 3669 Concutere
597 3618 684 3690 atque
710 3610 787 3671 sacri
809 3611 927 3688 genium
952 3617 1139 3668 contemnere
1164 3604 1259 3667 fulcri.

408 3691 498 3753 Omne
517 3693 595 3754 aliud
616 3696 724 3755 crimen
747 3711 815 3755 mox
836 3694 934 3754 ierrea
959 3692 1078 3772 protulit
1099 3699 1195 3751 aetas:

408 3776 549 3838 Viderunt
570 3780 678 3856 primos
702 3788 841 3858 argentea
860 3776 960 3839 secula
983 3774 1133 3836 moechos.
