3434 4575
698 466 826 516 saulae
847 467 912 517 ΧΠ.

312 611 466 676 Testiculi:
491 611 567 672 adeo
589 609 763 670 medicatum
786 608 932 686 intellegit
943 609 1060 686 inguen.

311 699 449 772 Fundite,
471 713 547 778 quae
569 712 634 755 mea
655 703 737 770 sunt,
759 692 894 769 dicebat,
920 702 1039 770 cuncta,
1064 691 1204 768 Catullus,

312 782 508 861 Praecipitare
528 779 633 840 voleus
657 780 742 838 etiam
766 777 977 857 pulcherrima,
998 788 1109 839 vestem

310 868 503 946 Purpuream,
525 865 635 925 tenoris
657 879 774 942 quoque
796 861 1016 924 Maecenatibus
1038 873 1144 942 aptam,

312 955 407 1032 lltque
427 951 517 1026 alias,
538 967 658 1030 quarum
681 949 821 1026 generosi
843 949 981 1025 graminis
1003 949 1097 1027 ipsum
1270 959 1307 1015 40

311 1038 415 1099 Infecit
436 1044 537 1095 natura
559 1051 667 1113 pecus,
692 1032 746 1093 sed
769 1042 798 1092 et
820 1035 961 1112 egregius
983 1032 1050 1093 fons

311 1120 427 1182 Viribus
451 1117 575 1180 occultis
598 1127 628 1178 et
649 1117 786 1178 Baeticus
809 1116 925 1178 adiuvat
943 1136 1005 1179 aer.

310 1207 363 1267 llle
385 1223 443 1266 nec
465 1213 615 1282 argentum
638 1199 789 1262 dubitabat
810 1203 942 1279 mittere,
964 1202 1065 1263 lauces

311 1289 466 1352 Parthenio
486 1287 595 1364 iactas,
619 1305 708 1347 urnae
732 1295 847 1347 cratera
869 1305 1008 1365 capacem

312 1375 346 1437 lit
369 1375 486 1454 dignum
509 1373 623 1433 sitiente
646 1370 738 1432 Pbolo
761 1369 810 1431 rel
833 1372 959 1449 coniuge
982 1370 1086 1446 Fusci3
1272 1383 1307 1437 45

312 1460 396 1521 Adde
417 1467 447 1519 et
469 1457 632 1517 bascaudas
653 1465 683 1516 et
704 1455 783 1515 mille
804 1457 935 1532 escaria,
958 1456 1076 1516 multum

312 1543 441 1619 Caelati,
465 1541 580 1601 biberat
599 1558 657 1621 quo
681 1539 803 1602 callidus
826 1549 940 1618 emptor
962 1540 1088 1616 Olynthi.

312 1628 370 1690 Sed
394 1627 460 1707 quis
482 1644 557 1686 nunc
579 1625 668 1701 alius,
691 1643 747 1704 quo
770 1625 867 1684 muudi
890 1635 973 1703 parte
994 1627 1058 1704 quis
1078 1627 1164 1688 audet

313 1714 445 1791 argento
463 1711 616 1791 praeierre
639 1718 725 1790 caput
748 1709 897 1788 rebusque
920 1707 1064 1770 salutem?

313 1798 391 1882 {Nou
403 1805 526 1878 propter
542 1797 630 1856 vitam
649 1794 757 1855 iaciunt
781 1796 951 1872 patrimonia
973 1794 1099 1873 quidam.
1273 1809 1307 1860 50

313 1883 372 1945 Sed
395 1883 466 1942 vitio
489 1880 572 1942 caeci
593 1889 716 1959 propter
738 1879 908 1957 patrimonia
932 1880 1056 1957 vivunt]

313 1968 438 2028 lactatur
458 1983 553 2026 rerum
574 1963 684 2024 utilium
706 1981 774 2044 pars
796 1965 935 2038 maxima,
957 1963 1012 2024 sed
1034 1982 1091 2025 nee

314 2052 422 2113 Damna
443 2051 554 2115 levant:
578 2058 645 2108 tunc
668 2047 801 2109 adversis
823 2046 993 2126 urgentibus
1015 2047 1086 2110 illuc

315 2136 463 2212 Reccidit,
485 2144 515 2195 ut
537 2134 641 2195 malum
664 2132 744 2193 ferro
768 2134 975 2210 summitteret,
999 2150 1034 2193 ac
1056 2152 1089 2195 se

314 2219 450 2301 Explicat
472 2228 638 2298 augustum:
663 2217 834 2277 discriminis
855 2218 966 2294 ultima,
992 2218 1106 2297 quaudo
1273 2230 1305 2282 tt

314 2306 460 2367 Praesidia
483 2305 629 2366 afferimus
650 2320 752 2364 uauem
774 2304 886 2364 iactura
910 2305 1058 2365 minorem.

312 2392 422 2452 lnnnc
445 2399 474 2450 et
495 2391 590 2450 ventis
613 2390 734 2449 animam
758 2389 920 2465 committe,
945 2388 1043 2450 dolato

313 2474 448 2536 Coullsus
469 2474 567 2552 ligno,
591 2473 688 2551 digitis
710 2490 726 2533 a
748 2482 842 2533 morte
863 2481 992 2533 remotus

313 2559 456 2635 Quattuor
478 2568 526 2620 aut
548 2568 677 2636 septem,
700 2558 725 2616 si
748 2559 785 2617 sit
807 2556 944 2619 latissima
964 2556 1067 2631 taeda;

313 2644 381 2707 llox
402 2663 467 2706 cum
485 2642 617 2704 reticulis
636 2651 666 2704 et
685 2660 759 2722 pane
783 2650 813 2702 et
835 2652 938 2702 ventre
961 2641 1085 2719 lagonae
1273 2655 1308 2709 60

313 2730 424 2810 Aspice
447 2728 601 2789 sumendas
623 2728 651 2788 in
673 2735 849 2805 tempestate
873 2744 1004 2787 secures.

314 2815 373 2876 Sed
396 2823 549 2893 postquam
569 2813 656 2873 iacuit
676 2811 792 2891 planum
813 2829 911 2894 mare,
933 2819 1066 2889 tempora
1084 2821 1236 2892 postquam

314 2898 460 2978 Prospera
481 2898 610 2959 vectoris
632 2896 779 2976 fatumque
801 2894 944 2956 valentius
968 2913 1039 2955 euro

313 2982 349 3043 llt
371 2983 495 3062 pelago,
521 2990 674 3062 postquam
693 2981 803 3042 Parcae
825 2980 947 3042 meliora
969 2980 1094 3058 benigna

314 3067 405 3130 Pensa
427 3086 510 3128 manu
533 3068 639 3127 ducunt
661 3065 770 3127 bilares
793 3076 822 3126 et
840 3066 970 3127 staminis
991 3064 1051 3126 albi
1174 3057 1181 3073 ’

312 3151 472 3228 Lanilieae,
494 3151 607 3212 modica
625 3169 683 3211 nec
703 3151 820 3211 multum
840 3150 945 3211 fortior
963 3169 1031 3211 aura

313 3236 424 3297 Ventus
446 3237 545 3298 adest:
564 3236 643 3315 iuopi
664 3235 838 3297 miserabilis
859 3243 922 3297 arte
946 3237 1071 3296 cucurrit

312 3322 451 3383 Vestibus
473 3322 604 3382 extensis
627 3329 674 3396 et,
698 3320 776 3400 quod
794 3329 986 3398 superaverat
1007 3338 1103 3397 unum,

314 3406 389 3467 l'elo
412 3423 500 3486 prora
522 3423 585 3466 suo.
628 3405 686 3466 lam
705 3405 909 3465 deficientibus
930 3406 1034 3464 austris

313 3492 389 3571 Spes
412 3491 489 3551 ritae
512 3510 575 3552 eum
599 3490 663 3550 sole
682 3489 772 3562 redit;
797 3499 865 3550 tuno
886 3498 986 3567 gratus
1009 3488 1071 3548 lulo

316 3576 409 3656 dtque
431 3576 582 3637 novercali
604 3574 693 3636 sedes
716 3574 848 3653 praelata
869 3572 978 3634 Lavino

313 3657 499 3740 Conspicitur
520 3660 650 3721 sublimis
673 3678 768 3737 apex,
789 3660 835 3720 oui
857 3656 977 3720 candida
1000 3672 1105 3717 nomen

312 3745 418 3808 Scrofa
439 3745 534 3823 dedit,
556 3746 643 3807 lactis
666 3742 828 3821 Phrygibus
850 3740 982 3803 mirabile
1006 3758 1117 3817 sumen,

352 3851 410 3893 mv.
433 3850 494 3891 sur.
1080 3834 1099 3896 6
