3434 4575
367 348 428 413 160
683 352 729 419 Μ.
745 353 837 418 VAL.
855 355 1082 418 MARTlALlS

854 558 919 622 XL.

447 672 508 733 llic
524 672 606 733 iacet
618 668 675 733 ille
689 691 801 751 senex,
823 674 961 752 Augusta
976 680 1067 734 notus
1082 677 1116 735 in
1133 675 1224 760 aula,

488 755 622 817 Pectore
636 776 699 816 non
713 756 823 817 humili
836 777 944 837 passus
959 765 1124 839 utrumque
1141 761 1255 842 deum;

446 837 594 901 Natorum
607 843 707 921 pietas
722 843 835 902 sanctis
851 862 941 921 quem
956 844 1094 920 coniugis
1109 848 1233 910 umbria

487 926 630 987 Miscuit:
652 924 791 1004 Elysium
804 925 945 1005 possidet
960 929 1047 986 ambo
1062 946 1185 994 nemus.

423 1007 570 1070 50ccidit
584 1008 639 1069 illa
653 1010 741 1088 prior
754 1009 845 1070 viridi
859 1009 1001 1070 fraudata
1014 1011 1158 1073 iuventa:

487 1093 548 1153 Hie
561 1111 660 1174 prope
675 1099 725 1153 ter
741 1111 831 1153 senas
846 1095 922 1155 visit
936 1094 1143 1174 Olympiadas.

446 1176 510 1237 Sed
523 1178 678 1238 festinatis
694 1184 815 1256 raptum
830 1179 888 1238 tibi
903 1177 1038 1238 credidit
1054 1182 1160 1260 aunis,

487 1261 617 1344 Aspexit
628 1259 771 1321 lacrimas
786 1263 943 1341 quisquis,
961 1263 1112 1344 Etrusce,
1132 1271 1213 1328 tuas.

843 1396 921 1459 XLI.

445 1510 603 1572 Cosmicos
620 1529 690 1572 esse
706 1513 780 1592 tibi,
802 1513 967 1594 Semproni
981 1515 1105 1594 Tucca,
1126 1515 1264 1579 videris:

486 1596 643 1675 Cosmica,
664 1597 845 1678 Semproni,
868 1606 931 1658 tam
944 1597 1040 1677 mala,
1064 1619 1155 1677 quam
1170 1602 1255 1664 bona
1269 1612 1352 1669 sunt.

833 1732 923 1792 XLII.

444 1843 627 1904 Muneribus
645 1843 749 1922 cupiat
762 1843 789 1903 si
804 1844 873 1921 quis
888 1844 1080 1905 contendere
1095 1852 1218 1926 tecum,

484 1927 607 1988 Audeat
621 1928 672 1986 hic
686 1928 796 2005 etiam,
818 1928 977 2008 castrice,
1000 1931 1197 1992 carminibus.

441 2012 504 2073 Nos
519 2019 629 2072 tennes
644 2012 678 2069 in
692 2017 824 2090 utroque
842 2031 945 2072 sumus
959 2014 1101 2092 vincique
1115 2014 1237 2094 parati:

484 2095 559 2156 lnde
574 2113 668 2175 sopor
682 2095 771 2154 uobis
787 2100 819 2155 et
833 2093 938 2175 placet
952 2094 1013 2157 alta
1027 2099 1124 2176 quies.

420 2179 522 2242 5Tam
537 2176 617 2239 mala
632 2197 685 2237 cur
700 2179 795 2256 igitur
810 2177 951 2239 dederim
967 2181 1024 2242 tibi
1039 2183 1191 2263 carmina,
1215 2186 1365 2266 quaeris?

481 2262 612 2324 Alcinoo
625 2258 743 2323 nullum
756 2282 847 2344 poma
860 2262 983 2325 dedisse
996 2265 1108 2344 putas?
1339 2276 1343 2284 '

820 2397 923 2459 XLIII.

439 2514 575 2575 Primum
590 2519 652 2594 est,
673 2520 708 2575 ut
721 2520 880 2595 praestes,
903 2515 930 2574 si
944 2514 1018 2594 quid
1032 2519 1081 2593 te,
1103 2515 1219 2595 (iluna,
1242 2523 1374 2599 rogator

480 2597 561 2661 lllud
576 2598 690 2660 deinde
706 2617 855 2679 sequens,
877 2603 912 2658 ut
927 2601 1005 2677 cito,
1028 2600 1142 2679 Cinna,
1163 2619 1274 2680 neges.

438 2682 541 2763 Diligo
555 2689 781 2765 praestantem
802 2703 865 2743 non
880 2680 948 2760 odi,
970 2683 1084 2759 cinna,
1104 2693 1292 2763 negantem:

481 2766 544 2828 Sed
558 2774 592 2828 tu
605 2786 664 2828 nec
678 2775 833 2847 praestas,
852 2786 910 2827 nec
926 2768 1004 2845 cito,
1024 2768 1139 2847 Cinna,
1160 2787 1268 2848 negas.

824 2901 932 2965 XMV.

438 3012 588 3074 Maximus
601 3011 656 3074 ille
672 3019 758 3091 tuus,
781 3013 889 3093 Ovidi,
913 3016 1080 3076 Caesonius
1095 3014 1148 3075 hic
1163 3022 1231 3096 est,

479 3099 574 3159 Cuius
589 3097 688 3158 adhuc
701 3095 817 3158 voltum
831 3099 931 3158 vivida
946 3118 1018 3159 cera
1031 3104 1128 3159 tenet.

437 3182 527 3243 Hunc
541 3182 625 3243 Nero
644 3181 811 3243 damnavit:
831 3182 889 3242 sed
900 3189 934 3242 tu
950 3182 1095 3244 damnare
1110 3180 1273 3248 Neronem

480 3268 580 3328 Ausus
596 3286 630 3327 es
645 3272 678 3327 et
691 3267 833 3347 profugi,
855 3286 918 3326 non
931 3273 999 3346 tua,
1020 3268 1084 3327 fata
1098 3272 1198 3345 sequi.

415 3352 584 3430 erquora
599 3369 657 3431 per
673 3350 796 3429 Scyllae
811 3370 937 3430 magnus
953 3370 1057 3412 comes
1072 3352 1169 3413 exulis
1184 3355 1259 3435 isti,

479 3436 539 3511 Qui
552 3434 643 3496 modo
657 3434 800 3495 nolueras
816 3433 951 3496 consulis
964 3437 1009 3496 ire
1025 3454 1137 3499 comes.

437 3517 470 3578 Si
483 3521 601 3580 victura
615 3520 691 3580 mels
705 3518 888 3580 mandantur
905 3520 1027 3581 nomina
1041 3518 1156 3581 cliartis

478 3602 521 3664 Et
533 3603 580 3663 fas
595 3610 644 3665 est
660 3605 758 3664 eiuerl
772 3622 822 3665 me
837 3622 1002 3686 superesse
1017 3623 1102 3665 meo:

265 3731 771 4290 i,
