3434 4575
577 471 918 535 EPIGRAMMATON
931 472 1006 536 LIB.
1023 472 1059 535 Il.
1298 467 1339 536 57

771 674 908 738 LXXVI.
974 712 979 722 -

383 794 516 870 Argenti
528 790 625 851 libras
641 791 760 852 Marius
774 791 832 851 tibi
848 791 984 870 quinque
997 787 1138 868 reliquit.

425 876 483 936 cui
497 875 577 937 nihil
589 877 657 956 ipse
669 875 778 953 dabas,
799 875 851 934 hic
866 875 925 934 tibi
937 876 1032 934 verba
1046 871 1143 956 dedit.

743 1007 894 1070 LXXVII.

311 1177 313 1180 ,
381 1122 531 1198 Cosconi,
553 1122 606 1200 qul
618 1119 712 1200 longa
725 1127 815 1200 putas
829 1121 1047 1199 epigrammata
1063 1123 1186 1196 nostra,

422 1203 517 1266 Utilis
530 1204 683 1282 ungendis
698 1206 803 1274 axibus
818 1222 889 1263 esse
903 1209 1004 1283 potes.

382 1290 448 1348 Hac
464 1293 499 1347 tn
514 1286 688 1347 credideris
701 1287 828 1366 longum
842 1289 964 1347 ratione
980 1284 1123 1346 colosson

423 1373 466 1432 Et
479 1391 609 1451 puerum
626 1373 716 1431 Bruti
733 1371 850 1431 dixeris
865 1389 935 1431 esse
948 1372 1086 1432 brevem.
1149 1384 1153 1393 ’

360 1454 477 1516 5Disce
492 1454 576 1534 quod
589 1457 728 1533 ignoras:
749 1455 849 1515 Marsi
865 1453 1010 1533 doctique
1025 1452 1162 1514 Pedonis

426 1538 526 1620 Saepe
541 1537 654 1620 duplex
671 1559 765 1598 unum
778 1541 890 1620 pagina
905 1544 1019 1599 tractat
1033 1557 1119 1618 opus.

381 1623 450 1682 Non
465 1629 537 1682 sunt
550 1621 644 1701 longo
658 1625 768 1701 quibus
782 1623 859 1682 nihil
876 1620 1020 1701 estquod
1036 1621 1164 1682 demere
1178 1622 1298 1702 possis,

424 1705 488 1767 Sed
502 1714 553 1786 tu,
575 1707 725 1785 Cosconi,
748 1706 882 1770 disticha
895 1704 989 1785 longa
1002 1705 1089 1767 iacis.

699 1836 704 1845 '
735 1839 899 1903 LXXVIII.

382 1954 509 2012 AestIvo
525 1970 631 2012 serves
646 1953 699 2012 ubi
713 1954 831 2034 piscem
844 1958 987 2032 tempore
1003 1951 1149 2029 quaeris?

427 2036 462 2097 In
476 2037 608 2097 thermis
623 2054 726 2114 serva,
750 2035 944 2114 caeciliane,
963 2036 1035 2095 tuis.

753 2169 890 2234 LXXIX.

383 2287 496 2348 Invitas
511 2294 586 2347 tunc
602 2309 668 2368 me,
690 2311 758 2350 cum
773 2292 850 2369 scis,
871 2287 998 2367 Nasica,
1019 2306 1154 2352 vocasse.

425 2373 610 2433 Excusatum
624 2374 738 2434 habeas
751 2391 800 2434 me
814 2392 907 2452 rogo:
930 2391 1007 2433 ceno
1022 2371 1114 2433 domi.

759 2507 881 2569 LXXX.

385 2617 517 2677 Hostem
532 2638 601 2679 cum
614 2619 754 2697 fugeret,
777 2637 811 2678 se
826 2619 963 2678 Fannius
978 2618 1047 2696 ipse
1065 2618 1209 2697 peremit.

427 2702 487 2761 Hic
501 2722 578 2781 rogo
593 2722 656 2762 non
672 2704 761 2763 furor
775 2708 840 2780 est,
861 2720 902 2761 ne
917 2702 1068 2779 moriare,
1090 2700 1191 2760 morli

754 2834 890 2897 LXXXI.

384 2955 497 3016 Laxior
511 2955 699 3036 hexaphoris
713 2961 767 3014 tua
786 2956 827 3014 sit
841 2952 955 3013 lectica
969 2950 1095 3012 licebit:

428 3040 505 3100 Gum
518 3047 621 3100 tamen
637 3041 714 3099 haec
729 3044 781 3098 tua
796 3039 853 3114 sit,
875 3034 981 3114 Zoilo,
1003 3034 1161 3117 sandapila
1174 3042 1232 3097 cst.

747 3170 896 3233 LXXXII.

384 3269 513 3347 auseris
528 3305 650 3347 servum
662 3283 735 3362 quid
748 3285 836 3363 agra
856 3284 1003 3358 consae,
1024 3280 1155 3360 unguas

426 3369 542 3431 Nescin
556 3377 591 3431 tu
605 3367 753 3451 populum
769 3367 853 3447 quod
866 3374 950 3428 tacet
963 3365 1021 3427 ille
1035 3364 1145 3445 loqui?

738 3501 902 3563 LXXXIII.

383 3617 533 3679 Foedasti
547 3620 710 3696 miserum,
733 3619 861 3696 marite,
883 3616 1060 3693 moechum,

382 3704 425 3765 Et
439 3722 490 3781 sc,
514 3704 568 3783 qui
582 3703 707 3762 fuerant
722 3703 827 3783 prius,
849 3702 1014 3780 requirunt
