3434 4575
633 464 816 513 stipulum
838 465 975 513 sauma.

306 625 356 683 Sic
373 622 472 688 itidem
488 620 616 682 Romana
633 639 750 697 manus,
767 620 947 681 contendere
970 629 1124 702 postquam

305 705 424 766 Destitit
442 715 471 764 et
487 723 590 784 pacem
614 704 709 782 longis
724 705 850 765 frenavit
865 704 1003 780 habenis,

305 790 373 868 lpsa
388 790 465 849 domi
484 790 569 868 leges
588 798 617 848 et
633 788 718 850 Graia
733 791 849 850 inventa
866 797 1027 850 retractans

307 873 409 933 Omnia
426 872 571 934 bellorum
587 883 664 932 terra
681 875 813 952 quaesita
827 874 959 950 marique
1073 939 1079 951 ,
1266 884 1302 940 ab

306 958 438 1018 Praemia
454 957 578 1018 consilio
597 967 626 1016 et
641 957 721 1017 molli
739 959 852 1018 ratione
869 957 1002 1034 regebat.

305 1040 407 1102 Stabat
423 1043 450 1099 in
468 1042 529 1108 bis:
551 1059 647 1119 neque
663 1041 738 1100 enim
755 1050 872 1120 poterat
888 1050 1025 1100 constare
1041 1041 1104 1101 sine
1119 1042 1207 1120 ipsis,

307 1126 366 1185 Aut
384 1126 491 1186 frustra
508 1127 591 1184 uxori
611 1126 794 1204 mendaxque
812 1125 963 1203 Diespiter
979 1124 1063 1185 olim:

306 1209 474 1288 Imperium
488 1212 554 1270 sine
572 1210 633 1288 fine
653 1211 737 1285 dedi,
754 1210 864 1269 dixisse
881 1209 1031 1288 probatur.

307 1292 391 1353 Nunc
408 1295 494 1371 igitur
509 1294 558 1373 qui
575 1312 623 1352 res
638 1292 784 1353 Romanas
801 1295 922 1372 imperat
944 1294 1037 1369 inter,
1267 1305 1301 1357 ui

306 1377 371 1437 Non
388 1378 472 1436 trabe
487 1378 539 1437 sed
557 1387 641 1454 tergo
658 1376 814 1456 prolapsus
832 1387 862 1437 et
877 1377 1005 1456 ingluvie
1020 1376 1121 1453 albus,

305 1461 342 1522 lit
358 1461 451 1521 studia
468 1470 497 1521 et
513 1463 631 1540 sapiens
647 1461 791 1520 bominum
807 1478 973 1540 nomenque
988 1479 1142 1542 genusque

306 1544 408 1604 Omnia
425 1544 506 1605 abire
524 1546 605 1605 iuras
620 1556 707 1618 atque
724 1546 794 1605 urbe
813 1546 963 1606 excedere
979 1546 1071 1604 iussit.

306 1628 381 1702 Quid
397 1629 544 1689 iacimus?
575 1628 677 1690 Graios
694 1630 898 1708 hominumque
915 1628 1083 1707 reliquimus
1098 1627 1203 1707 urbes,

306 1712 345 1773 Ut
361 1712 491 1788 Romana
507 1715 585 1773 iuret
600 1714 692 1791 magis
711 1713 755 1773 bis
771 1716 911 1772 instructa
927 1714 1088 1790 magistris;

304 1796 406 1871 Nunc,
424 1794 590 1876 Capitolino
606 1797 697 1857 veluti
714 1797 847 1857 turbante
864 1794 988 1857 Camillo

305 1880 434 1940 Ensibus
449 1891 480 1942 et
496 1883 601 1942 trutina
619 1881 693 1942 Galli
708 1882 812 1958 lugere
835 1880 955 1956 relicta,

305 1966 356 2024 Sic
371 1967 463 2024 nostri
480 1966 581 2044 palare
597 1984 685 2025 senes
702 1965 834 2026 dicuntur
850 1974 881 2024 et
897 1965 951 2043 ipsi

305 2048 343 2109 Ut
360 2048 454 2110 ierale
470 2067 541 2109 suos
558 2067 631 2109 onos
647 2050 812 2128 exstirpare
829 2048 958 2113 libellos.

306 2130 387 2211 Ergo
403 2131 592 2193 Numantinus
609 2132 795 2212 Libycusque
814 2134 923 2194 erravit
940 2135 968 2193 in
990 2135 1046 2194 isto

306 2218 425 2296 Scipio,
443 2219 491 2298 qui
508 2216 623 2279 Rhodio
639 2219 732 2278 crevit
750 2220 894 2278 formante
909 2219 1065 2297 magistro,

307 2298 414 2362 Uetera
431 2311 460 2362 et
476 2304 525 2362 illa
540 2321 639 2364 manus
656 2303 736 2363 bello
753 2304 879 2364 iacunda
897 2304 1044 2380 secundo,

306 2386 389 2460 Quos
407 2388 482 2447 inter
499 2388 587 2465 prisci
603 2390 747 2448 sententia
766 2388 812 2447 dia
829 2384 949 2449 catonis

305 2470 389 2532 Scire
408 2472 483 2532 adeo
500 2472 595 2549 magni
613 2472 750 2544 iecisset,
770 2481 901 2532 utrumne
917 2472 1053 2533 secundis

305 2556 352 2616 Aa
371 2557 462 2633 magis
481 2556 613 2617 adversis
628 2564 720 2615 staret
735 2555 864 2616 Romana
881 2553 1036 2636 propago?

305 2639 428 2700 §cilicet
445 2640 596 2700 adversis:
619 2657 684 2699 uam
703 2658 789 2718 quum
807 2640 962 2702 defendier
982 2642 1069 2700 armis

292 2723 416 2785 'Suadet
430 2740 512 2784 amor
527 2724 639 2802 patriae
661 2734 690 2784 et
710 2726 824 2803 captiva
847 2725 1001 2803 penatibus
1015 2740 1105 2801 uxor,

306 2807 469 2882 Convenit,
489 2818 519 2866 ut
534 2810 652 2887 vespis,
670 2806 790 2888 quarum
807 2808 909 2869 domus
925 2827 994 2869 arce
1010 2808 1163 2885 lionetae,

310 2888 405 2953 Tarba
422 2893 522 2970 rigens
540 2892 649 2953 strictis
665 2910 720 2971 per
735 2892 813 2953 lutea
837 2910 963 2971 corpora
980 2892 1062 2966 telis;

306 2977 361 3036 Ast
376 2976 425 3035 ubi
441 2994 513 3056 spes
533 2993 637 3036 secura
654 2976 745 3051 redit,
766 2976 857 3039 oblita
876 2977 1007 3037 favorum

305 3058 395 3119 Plebs
409 3070 561 3140 materque
577 3078 632 3121 una
648 3078 750 3120 somno
769 3063 928 3121 moriuntur
944 3060 1047 3121 obeso.

305 3143 524 3204 Romulidarum
542 3146 629 3223 igitur
644 3145 732 3223 longa
748 3156 778 3206 et
792 3147 892 3223 gravis
909 3146 1026 3206 exitium
1041 3163 1108 3224 pax.

349 3226 414 3287 lloc
431 3227 540 3289 labella
555 3229 642 3288 modo
659 3248 778 3308 pausam
793 3231 872 3291 iacit.
906 3228 1036 3309 Optima,
1056 3228 1194 3308 posthac,

304 3310 405 3386 blusa,
422 3311 510 3373 velim
528 3332 665 3389 moneas,
683 3314 747 3374 sine
764 3332 819 3393 qua
835 3314 904 3375 mibi
919 3313 997 3374 nulla
1013 3311 1151 3391 voluptas

304 3396 434 3471 Vivere,
452 3398 493 3456 uti
509 3398 653 3477 quondam
667 3397 780 3474 Lydus,
797 3399 863 3458 dum
879 3399 1000 3473 Smyrna
1017 3394 1146 3476 peribat,

304 3479 390 3540 Nunc
405 3481 504 3541 itidem
519 3483 646 3560 migrare
665 3481 758 3551 velis;
781 3484 829 3542 vel
846 3483 973 3562 denique
995 3479 1110 3559 quidvis

304 3562 345 3625 Ut
360 3565 416 3625 dea
431 3582 541 3643 quaere
557 3566 654 3635 aliud;
678 3575 785 3627 tantum
803 3565 933 3627 Romana
948 3562 1060 3626 Caleno

304 3646 424 3709 Moenia
439 3649 582 3711 iucundos
598 3652 765 3729 pariterque
782 3660 883 3710 averte
899 3648 1033 3711 Sabinos.

306 3730 387 3792 ilaec
405 3750 475 3807 eqo:
502 3744 558 3792 tum
574 3734 674 3813 paucis
687 3733 741 3793 dea
757 3753 803 3794 me
821 3734 969 3812 dignarier
986 3732 1059 3793 iniit:
