3434 4575
459 515 461 518 .
591 463 932 526 EPIGRAMMA'PON
945 460 1020 528 LlB.
1035 465 1085 526 lX.
1274 486 1277 493 ’
1302 467 1366 531 199

402 617 538 679 Grandis
552 618 585 676 in
600 618 740 677 aetherio
755 615 831 675 licet
845 618 946 676 auctio
960 616 1016 676 liat
1030 615 1161 696 Olympo

449 702 669 781 Coganturque
685 699 738 759 dei
751 699 889 759 vendere
905 698 1055 779 quidquid
1070 701 1201 762 habent:

379 786 614 848 iconturbabit
629 782 733 861 Atlas,
754 790 787 842 et
800 803 863 843 non
878 785 940 843 erit
953 785 1043 843 uncia
1056 790 1138 861 tota,

445 867 576 928 Decidat
588 874 692 929 tecum
706 886 766 946 qua
779 873 869 946 pater
884 869 952 947 ipsc
967 864 1066 928 dcdm.

401 953 463 1012 Pro
481 949 666 1032 Capitolinis
680 950 754 1030 quid
770 952 853 1010 enim
868 953 927 1011 tibi
941 948 1063 1012 solvere
1078 947 1222 1030 templis,

320 1039 324 1044 '
445 1035 526 1113 Quid
540 1056 597 1116 pro
612 1035 766 1114 Tarpeiae
781 1033 904 1096 frondis
919 1036 1039 1095 honore
1053 1034 1179 1114 potest?

403 1118 482 1197 Quid
497 1139 554 1200 pro
570 1119 752 1183 culminibus
767 1120 897 1197 geminis
912 1125 1051 1179 matrona
1065 1117 1238 1179 Tonantis?

360 1215 395 1266 10
441 1202 568 1263 Pallada
581 1210 763 1283 praetereo:
784 1221 837 1262 res
850 1204 915 1282 agit
930 1202 984 1263 ills
998 1208 1074 1263 tuas.

403 1286 484 1364 Quid
498 1285 608 1366 loquar
621 1284 755 1347 Alciden
770 1286 993 1365 Phoebumque
1006 1287 1137 1366 piosque
1151 1284 1312 1345 Laconas?

443 1369 558 1430 Addita
574 1369 649 1450 quid
662 1369 751 1430 Latio
765 1369 872 1430 Flavia
889 1370 1004 1450 templa
1017 1367 1113 1449 polo‘l

399 1455 554 1534 Expectes
568 1461 602 1514 et
616 1455 784 1533 sustineas,
802 1454 957 1533 Auguste,
979 1471 1110 1514 necesse
1124 1459 1189 1513 ert:

442 1537 518 1598 Nam
531 1539 590 1598 tibi
605 1537 688 1617 quod
702 1536 801 1598 solvat
814 1558 878 1598 non
891 1539 986 1599 habet
1000 1557 1071 1598 arca
1085 1537 1173 1598 lovis.

792 1672 844 1734 iv.

399 1769 544 1829 Aureolis
558 1769 639 1830 futui
654 1789 722 1830 cum
736 1771 836 1850 possit
850 1768 939 1830 Galla
952 1769 1071 1833 duobus

442 1852 567 1932 utplus
583 1873 673 1931 quam
689 1853 786 1931 futui,
809 1856 835 1913 si
851 1851 983 1914 totidem
998 1851 1169 1916 addideris:

399 1935 553 1997 Aureolos
570 1944 633 1996 ate
650 1956 705 1996 cur
718 1938 847 2016 accipit,
870 1936 1044 2017 Aeschyle,
1068 1936 1188 1997 denos?

441 2022 508 2080 Non
525 2018 616 2080 fellat
629 2022 709 2080 tanti
724 2020 821 2083 Galla.
850 2021 933 2097 Quid
948 2022 1044 2100 ergo?
1073 2020 1181 2099 Tacet.

818 2155 856 2218 V.

395 2249 521 2313 Nubere
535 2250 581 2309 vis
598 2249 720 2312 Prisco:
741 2253 931 2333 ammiror,
952 2252 1062 2313 Paulas
1084 2252 1201 2333 sapisti.

440 2335 562 2395 Ducere
575 2341 608 2394 te
624 2353 687 2395 non
700 2336 767 2397 volt
780 2337 921 2398 Priscus:
943 2343 976 2397 et
991 2337 1045 2398 illc
1061 2338 1150 2418 sapit.

804 2470 857 2533 Vl.

396 2565 486 2642 Tibi,
509 2584 624 2625 summe
638 2566 740 2627 Rheni
755 2568 889 2629 domitor
904 2577 936 2630 et
950 2587 1063 2649 parens
1078 2570 1178 2648 orbis,

395 2646 513 2708 Pudice
527 2650 689 2729 princeps,
712 2654 825 2730 gratias
839 2660 934 2731 agunt
948 2654 1059 2727 urbes3
1108 2672 1111 2677 ·

395 2730 532 2811 Populos
546 2733 719 2794 habebunt:
740 2755 852 2814 parere
866 2737 926 2797 iam
942 2734 1044 2797 scelus
1058 2755 1121 2795 non
1135 2740 1191 2795 est.

395 2814 465 2875 Non
479 2834 557 2895 puer
571 2819 653 2877 avari
667 2823 769 2878 sectus
785 2826 852 2879 arte
868 2821 1025 2900 mangonis

372 2897 567 2961 5Virilitatis
583 2899 692 2962 damna
706 2910 825 2963 maeret
840 2911 986 2986 ereptae,

394 2983 460 3043 Nec
475 3004 565 3063 quarn
579 2985 904 3068 supcrbns'compu'tet
918 2989 1031 3069 stipem
1045 2985 1137 3066 leno,

394 3067 454 3126 Dat
467 3069 637 3148 prostituto
652 3072 766 3131 misera
779 3079 879 3133 mater
892 3071 1013 3134 infanti.

394 3151 454 3227 Qui
468 3170 527 3211 nec
542 3152 635 3212 cubili
647 3154 751 3216 fuerat
770 3164 841 3217 ante
856 3164 890 3218 te
905 3156 1058 3236 quondam

392 3234 515 3312 Pudor,
539 3254 608 3295 esre
622 3246 726 3316 perte
741 3242 844 3322 coepit
860 3247 893 3301 et
905 3238 1056 3319 lupanari.

797 3363 861 3423 Vll.

395 3454 510 3514 Dicere
526 3455 565 3514 de
580 3455 706 3535 Libycis
720 3456 830 3517 reduci
842 3459 901 3517 tibi
917 3459 1076 3537 gentibus,
1100 3457 1195 3537 Aler,

436 3539 599 3598 continuis
613 3538 698 3599 volui
712 3540 847 3619 quinque
863 3539 972 3602 diebus
987 3542 1062 3604 Ave.

391 3620 461 3684 Non
475 3629 577 3700 vacat,
604 3629 657 3683 aut
675 3622 806 3703 dormit,
826 3624 1006 3686 dictumest
1025 3628 1072 3686 bis
1087 3632 1199 3707 terque
1213 3643 1351 3686 reverso.

431 3705 494 3766 Iam
508 3708 582 3767 satis
598 3714 663 3788 eat,
676 3709 776 3793 Afer:
798 3730 861 3770 non
876 3711 923 3791 vis
937 3729 1044 3773 arere:
1064 3710 1141 3773 vale.
