3434 4575
342 375 403 444 182
668 378 714 441 Μ.
730 377 822 440 VAL.
836 376 1064 438 MARTIALIS

425 531 494 592 Nou
509 531 713 591 Athamanteo
728 531 831 610 potius
844 548 894 589 me
909 531 1006 589 mirer
1019 531 1052 589 in
1067 550 1164 612 auro,

383 625 419 679 20
465 615 608 676 Aeolium
625 612 722 674 dones
737 616 764 673 si
778 614 870 691 mihi,
890 613 1021 692 Phrixe,
1042 633 1151 694 pecus.

427 700 453 761 0
470 704 600 779 quantos
616 699 696 758 risus
710 698 830 779 pariter
846 703 987 777 spectata
1000 701 1141 760 movebIt

469 785 546 844 (lum
557 782 695 842 PalaIIna
709 788 815 842 nostra
828 781 954 842 lacerna
969 783 1055 862 toga!

809 916 919 978 XXIX

426 1031 564 1092 Disticha
581 1030 632 1108 qui
647 1027 772 1106 scribit,
793 1034 886 1108 puto,
906 1026 973 1087 volt
986 1029 1143 1090 brevitate
1157 1030 1300 1111 plaeere.

470 1113 552 1193 Quid
565 1112 696 1214 prodeat
710 1113 864 1189 brevitas,
888 1111 938 1171 dio
953 1112 1046 1190 mini,
1067 1113 1095 1171 si
1107 1110 1197 1174 liber
1212 1118 1289 1178 est!

813 1246 909 1307 XXX.

427 1362 486 1440 Qui
498 1381 581 1423 nune
595 1362 766 1422 caesareae
779 1361 865 1421 lusus
880 1368 1039 1442 spectatur
1053 1362 1213 1442 harenae,

470 1445 677 1525 Temporibus
693 1445 782 1505 Bruti
797 1445 896 1523 gloria
911 1465 1027 1505 summa
1040 1446 1110 1507 fuit.

426 1530 567 1608 Aspicis,
589 1534 624 1588 ut
638 1535 744 1589 teneat
758 1530 894 1589 flammas
909 1548 1071 1609 poenaque
1085 1530 1214 1591 fruatur

467 1613 574 1674 Fortis
589 1620 622 1673 et
635 1615 765 1675 attonito
781 1620 893 1691 regnet
908 1614 943 1672 in
957 1615 1029 1692 igne
1045 1615 1167 1674 manus!

405 1698 497 1780 olpre
513 1699 562 1758 ani
576 1705 734 1778 spectator
748 1696 837 1757 adest
851 1703 884 1756 et
899 1697 1004 1757 nobile
1020 1697 1150 1758 dextrae

467 1782 572 1842 Funus
588 1788 685 1842 amat:
707 1781 782 1843 totis
797 1781 935 1861 pascitur
950 1779 1007 1840 illa
1021 1783 1127 1841 sacris.

428 1866 592 1944 Quodnisi
609 1872 697 1946 rapta
711 1865 796 1924 foret
810 1862 932 1925 nolenti
945 1883 1062 1945 poena,
1084 1865 1220 1946 parabat

469 1950 596 2012 Saevior
609 1951 642 2009 ln
655 1949 754 2010 lassos
768 1950 816 2008 ire
830 1950 958 2008 sinistra
971 1949 1068 2010 foros.
1242 1988 1257 2011 ᾳ

427 2034 516 2095 Scire
530 2036 616 2115 plget
630 2040 703 2113 post
716 2031 779 2095 tale
795 2032 905 2112 decus,
928 2032 1003 2112 quid
1016 2033 1131 2093 fecerit
1147 2039 1240 2094 aute:

385 2127 420 2180 lo
467 2119 564 2195 Quam
576 2116 656 2194 vill,
677 2118 751 2176 satia
767 2123 816 2176 est
829 2117 908 2177 hane
922 2118 997 2176 mihi
1012 2135 1105 2176 nosse
1120 2136 1256 2180 manum,

812 2266 921 2328 XXXI.

427 2380 540 2441 Nescio
556 2379 630 2459 quid
645 2379 685 2440 de
699 2387 732 2441 te
747 2401 809 2441 non
823 2382 926 2462 belle,
946 2384 1065 2460 bento,
1087 2382 1219 2460 fateris,

470 2465 610 2544 Coniuge
625 2466 677 2545 qui
693 2464 784 2526 dueta
798 2467 867 2527 iura
880 2475 1011 2551 paterna
1023 2468 1116 2547 petis.

429 2548 493 2610 Sed
507 2550 566 2609 iam
581 2547 772 2629 supplicibus
789 2549 944 2610 domiuum
958 2550 1075 2610 lassare
1088 2547 1212 2610 libellis

469 2634 585 2694 Desiue
599 2640 633 2694 et
646 2633 680 2693 in
693 2636 824 2714 patriam
838 2653 927 2694 serua
942 2635 979 2695 ab
994 2636 1073 2694 urbe
1087 2631 1167 2694 redi.

405 2717 503 2779 bNam
519 2717 590 2778 dum
604 2724 637 2777 to
652 2718 744 2796 longe
760 2717 886 2779 deserta
899 2736 995 2779 uxore
1010 2717 1125 2797 ‹lluque

473 2801 555 2862 Trea
571 2801 694 2880 quaeris
708 2807 812 2879 notos,
836 2808 980 2881 quattuor
993 2802 1144 2862 invenies.

807 2936 930 2999 XXXII.

347 3076 353 3085 ·
428 3049 510 3108 Abra
524 3065 582 3128 per
597 3048 723 3107 tacitum
738 3046 866 3128 delapsa
879 3048 1017 3109 sedentis
1033 3049 1065 3107 in
1079 3049 1165 3128 ipsos

470 3130 576 3192 Fluxit
590 3129 752 3193 Aretullae
767 3130 883 3192 blanda
897 3132 1036 3193 columba
1052 3133 1145 3191 sinna.

426 3214 560 3277 Luserat
573 3217 633 3277 hoo
648 3235 752 3296 casus,
773 3216 834 3276 uisi
848 3216 1044 3278 inobservata
1058 3226 1201 3275 maneret

469 3301 686 3381 Permissaque
701 3302 761 3362 sibi
776 3298 879 3361 nollet
892 3301 978 3360 abire
993 3301 1074 3379 fuga.

405 3384 462 3445 osi
479 3384 607 3447 meliora
619 3387 690 3467 piae
705 3386 751 3445 las
766 3391 816 3446 est
828 3403 956 3465 sperare
970 3385 1071 3444 sorori

470 3469 512 3530 llt
526 3468 682 3531 dominum
696 3469 802 3529 mundi
816 3470 948 3529 flectere
963 3474 1033 3529 vota
1047 3468 1169 3546 valent,

427 3551 514 3613 Haeo
529 3574 546 3613 a
563 3553 690 3615 SardoIs
703 3555 762 3614 tibi
775 3554 907 3614 forsitan
922 3551 1021 3613 exulis
1036 3553 1114 3629 oris,

469 3634 583 3698 Fratre
597 3657 777 3717 reversuro,
798 3639 910 3699 nuncia
923 3638 1008 3697 venit
1024 3636 1095 3697 avis.

261 3845 376 4157 i
