3434 4575
709 482 835 533 sartan
857 479 891 545 t„
915 507 918 512 -

299 622 421 700 osum,
447 619 577 688 callebat
597 626 691 707 primo
713 624 906 705 deprendere
922 641 1036 696 morsa:

299 708 335 772 Et
357 710 453 771 semei
477 713 590 791 aspecti
615 713 682 773 iitus
704 709 820 772 dicebat
842 711 947 772 echini.

299 795 449 873 Surgitur,
475 806 505 856 et
526 798 615 858 misso
637 814 779 876 proceres
800 797 884 866 exire
907 795 1042 856 iubentur
1190 863 1193 869 ,

300 877 453 955 Consilio,
477 898 551 961 quos
574 881 716 942 Albanam
738 881 797 942 dux
819 899 940 960 mugnus
964 883 991 941 iu
1014 900 1110 942 arcent
1242 896 1293 949 tto

299 963 442 1025 Traxerat
465 968 602 1025 attonitos
630 976 660 1027 et
682 967 821 1027 iestiuare
844 975 977 1039 coactos,

298 1048 456 1128 Tamquam
481 1049 518 1110 de
540 1048 651 1111 Cbattis
668 1049 776 1129 aiiquid
799 1051 950 1129 torvisque
963 1049 1129 1126 Sycambris

298 1132 436 1194 Dicturus
463 1143 606 1214 tamquam
628 1144 658 1195 et
679 1134 803 1195 diversis
824 1134 956 1214 partibus
977 1135 1056 1194 orbis

303 1217 391 1278 duria
415 1220 571 1298 praecipiti
593 1221 723 1280 venisset
747 1219 873 1299 epistoia
898 1220 992 1298 pinna.

339 1302 439 1382 Atque
463 1304 570 1364 utinam
592 1302 637 1363 bis
661 1305 759 1383 potius
782 1305 867 1382 nugis
890 1313 950 1363 tota
973 1303 1023 1364 iiia
1046 1302 1175 1364 dedisset
1246 1317 1297 1369 150

299 1385 444 1466 Tempora
467 1389 624 1465 saevitiae,
647 1387 742 1449 claras
766 1387 871 1469 quibus
894 1388 1011 1449 abstulit
1036 1388 1100 1447 urbi

299 1469 492 1551 iilustresque
513 1473 622 1533 animas
645 1475 760 1552 impunc
784 1482 814 1533 et
835 1471 950 1534 uindice
974 1472 1070 1533 nulio!

298 1556 354 1616 Sed
378 1557 485 1636 periit,
509 1566 663 1636 postquam
686 1556 862 1619 cerdonibus
888 1575 957 1617 esse
980 1557 1120 1617 timendus

299 1637 466 1719 Coeperat:
489 1640 547 1702 boc
567 1644 667 1702 nocuit
690 1641 850 1703 Lamiarum
874 1642 966 1703 caede
991 1640 1123 1702 madenti.

696 1837 896 1847 --.—--—-

635 1997 869 2064 SATIRA
905 1996 945 2061 V.

297 2094 332 2190 Si
355 2138 385 2190 te
409 2130 555 2207 propositi
578 2131 703 2191 nondum
725 2131 815 2209 pudet
837 2139 926 2209 atque
948 2130 1050 2191 eadem
1074 2139 1119 2191 est
1141 2147 1233 2202 meus,

298 2216 332 2276 Ut
354 2213 432 2273 bona
456 2230 564 2273 summu
588 2225 673 2295 putes
696 2215 791 2276 aiieua
813 2216 913 2276 virere
936 2214 1060 2295 quadra:

297 2302 326 2361 Si
350 2308 438 2378 potes
462 2298 512 2359 iiia
536 2301 612 2378 pati,
636 2319 712 2380 quaa
734 2319 790 2361 uec
811 2302 979 2362 Sarmentus
1002 2301 1114 2378 iniquas

298 2382 434 2445 Caesaris
458 2382 647 2461 admensus,
672 2403 728 2445 uec
748 2384 814 2445 vilis
838 2385 937 2446 Gabba
961 2384 1091 2445 tulisset:

298 2468 436 2542 Quamuis
460 2468 554 2528 iurato
577 2478 701 2529 metuam
725 2467 775 2528 tibi
799 2470 923 2530 credere
946 2471 1023 2529 testi.
1275 2481 1292 2531 b

298 2553 407 2613 Ventrc
430 2550 501 2612 nihii
526 2554 593 2612 nori
616 2553 773 2631 frugalius:
800 2554 858 2615 hoc
881 2563 976 2615 tameu
998 2554 1091 2631 ipsum

297 2635 455 2697 Deiecisse
477 2645 562 2714 puta,
587 2638 665 2716 quod
689 2639 765 2697 inani
788 2639 896 2698 suidcit
920 2638 1002 2698 uiro:

297 2719 383 2781 Nulla
404 2720 525 2797 crepido
548 2731 653 2800 vacat,
684 2740 824 2801 nusquam
848 2740 922 2801 pons
945 2731 974 2782 et
998 2723 1103 2798 tegetis
1129 2738 1197 2799 pars

298 2803 420 2864 Dimidia
444 2802 584 2865 breviori
606 2807 715 2866 tantine
735 2807 836 2868 iniuria
859 2824 984 2874 coenae,

298 2887 368 2949 'iam
390 2888 485 2948 ieiuna
508 2889 600 2950 iumes
626 2909 712 2971 quum
735 2892 829 2970 possit
851 2890 1002 2951 honestius
1028 2890 1089 2950 iilic
1261 2889 1301 2955 10‘

300 2973 335 3032 bt
360 2982 487 3033 tremere
512 2983 541 3033 et
563 2975 668 3035 sordes
692 2975 777 3036 iarris
799 2977 936 3037 mordere
960 2972 1076 3035 canini?

340 3057 434 3117 l’rimo
459 3057 518 3135 iige
541 3058 625 3135 ioco,
651 3060 727 3139 quod
750 3070 779 3120 tu
803 3060 987 3121 discumbere
1009 3061 1104 3119 iussus

298 3139 465 3201 biercedem
488 3141 610 3202 soiidam
633 3154 765 3204 veterum
789 3146 870 3223 capis
892 3145 1065 3206 oiiiciorurn.

297 3224 420 3285 Fructus
442 3226 586 3287 amicitiae
609 3247 732 3306 maguae
754 3228 853 3296 cibus:
885 3230 1003 3307 imputat
1027 3227 1101 3287 bunc
1120 3247 1171 3287 reu

299 3307 335 3369 Et
357 3311 488 3388 quamvis
510 3328 605 3371 rarum
626 3322 721 3372 tamen
743 3315 872 3392 imputat.
917 3312 998 3391 Ergo
1023 3312 1096 3372 duos
1119 3322 1185 3390 post
1260 3324 1292 3376 1⁵

297 3396 328 3453 Si
351 3392 433 3454 libuit
457 3412 573 3456 menses
593 3397 759 3474 neglectum
781 3396 920 3457 adbibere
944 3397 1090 3471 clientem,

297 3476 396 3538 Tertia
421 3496 458 3539 ne
481 3496 574 3539 vacuo
600 3490 734 3542 cessaret
756 3480 862 3543 culcita
884 3481 978 3543 lecto:

299 3560 360 3621 Una
381 3562 488 3636 simus,
511 3564 559 3623 ait.
604 3564 746 3626 Votorum
768 3567 893 3627 summa!
918 3565 986 3645 quid
1009 3563 1082 3624 uitra

298 3643 446 3718 Quaeris?
474 3644 562 3707 babet
584 3647 724 3724 Trebius,
748 3660 871 3729 propter
893 3649 970 3729 quod
992 3665 1127 3725 rumpere
1148 3664 1276 3708 somnum

299 3729 411 3791 Debeat
435 3741 464 3790 et
489 3731 592 3809 iiguias
616 3734 777 3809 dimittere,
801 3734 944 3795 sollicitus
970 3750 1007 3793 ue
1256 3744 1291 3797 20
