3434 4575
609 488 947 550 EPIGRAMMATON
964 489 1037 551 LlB.
1057 493 1094 554 V.
1309 493 1369 558 123

792 690 898 753 LXIV.

412 806 592 881 Sextantes,
615 802 762 883 Calliste,
786 804 862 865 duos
877 805 1007 867 infunde
1020 804 1166 885 Falerni,

453 888 611 968 Tusuper
627 891 773 966 aestivas,
795 889 934 967 Alcime,
957 890 1041 951 solve
1055 893 1151 955 nives.

409 972 595 1050 Pinguescat
608 974 702 1032 nimio
717 972 856 1033 madidus
873 975 947 1033 mihi
963 976 1057 1035 crinis
1073 995 1189 1036 amomo
1254 983 1259 988 “

451 1056 681 1135 Lassenturque
697 1059 777 1117 rosis
791 1061 933 1138 tempora
946 1057 1100 1123 sutilibus.
1160 1070 1162 1073 '

387 1139 470 1202 51am
484 1141 584 1201 vicina
596 1142 706 1200 iubent
720 1161 776 1201 nos
793 1143 897 1201 vivere
914 1141 1089 1220 Mausolea,

450 1225 526 1285 Dum
542 1223 690 1303 doceant,
712 1225 795 1305 ipsos
809 1244 902 1305 posse
915 1228 1022 1306 perire
1036 1225 1120 1291 deos.

797 1359 891 1422 LXV.

407 1473 500 1532 Astra
517 1472 684 1553 polumque
700 1472 803 1551 dedit,
826 1475 961 1553 quamvis
976 1475 1119 1533 obstante
1130 1492 1280 1550 noverca,

449 1556 577 1617 Alcidae
591 1555 724 1618 Nemees
737 1565 841 1618 terror
855 1563 889 1617 et
903 1559 1000 1618 Arcas
1018 1575 1093 1636 aper

407 1642 449 1700 Et
463 1642 641 1719 castigatum
654 1642 789 1722 Libycae
804 1659 927 1702 ceroma
940 1639 1114 1722 palaestrae

449 1726 490 1786 Et
504 1726 603 1802 gravis
619 1726 651 1784 io
669 1724 774 1785 Siculo
790 1724 920 1805 pulvere
937 1731 1022 1785 tusus
1035 1725 1137 1804 Eryx,

386 1806 623 1886 5Silvarumque
638 1815 770 1886 tremor,
793 1810 886 1868 tacita
901 1811 953 1887 qui
966 1807 1076 1869 fraude
1092 1807 1213 1870 solebat

448 1894 570 1953 Ducere
584 1911 643 1952 uec
657 1900 758 1953 rectas
775 1893 874 1952 Cacus
887 1892 919 1951 in
937 1899 1024 1952 antra
1038 1893 1141 1954 boves.

406 1978 466 2036 lsta
483 1989 569 2055 tuae,
594 1978 725 2054 Caesar,
748 1983 840 2056 quota
855 1996 927 2056 pars
943 1982 1101 2056 spectatur
1116 1977 1275 2038 harenae?

449 2062 507 2120 Dat
520 2062 636 2120 maiora
650 2081 745 2121 novus
760 2059 880 2141 praelia
893 2079 981 2120 mane
997 2059 1073 2120 dies.

405 2145 488 2221 Quot
502 2146 641 2223 graviora
656 2145 769 2205 cadunt
782 2146 937 2206 Nemeaeo
952 2143 1092 2226 pondera
1104 2145 1265 2204 monstro?

363 2239 398 2292 10
447 2229 529 2306 Quot
544 2234 595 2290 tua
609 2229 782 2291 Maenalios
797 2228 931 2291 collocat
946 2231 1034 2291 hasta
1049 2229 1144 2290 sues?
1224 2261 1225 2264 ¹

406 2311 566 2373 Reddatur
581 2316 606 2373 si
621 2334 723 2394 pugna
736 2314 851 2394 triplex
867 2314 1001 2395 pastoris
1016 2315 1145 2392 Hiberi,

446 2399 504 2457 Est
517 2399 574 2459 tibi
589 2400 640 2477 qui
655 2402 753 2478 possit
767 2401 893 2459 vincere
908 2400 1094 2479 Geryonem.

406 2482 505 2561 Saepe
520 2480 596 2542 licet
610 2483 722 2542 Graiae
737 2491 918 2544 numeretur
932 2483 1024 2544 belua
1037 2484 1177 2561 Lernae,

447 2566 588 2646 Improba
603 2566 730 2627 Niliacis
746 2567 820 2647 quid
833 2568 909 2627 iacit
922 2567 1030 2647 Hydra
1044 2567 1143 2627 ieris?

361 2651 465 2713 15Pro
479 2651 600 2710 meritis
617 2649 734 2711 caelum
749 2653 859 2728 tantis,
881 2653 1036 2730 Auguste,
1060 2648 1216 2710 dederunt

446 2734 575 2795 Alcidae
591 2736 652 2796 cito
670 2734 718 2814 di,
737 2736 793 2796 sed
807 2738 865 2795 tibi
881 2754 952 2795 sero
969 2735 1093 2795 dabunt.

787 2870 894 2931 LXVI.

403 2980 502 3061 Saepe
517 2982 667 3045 salutatus
682 3004 834 3063 nunquam
850 2983 939 3063 prior
951 2982 1019 3064 ipse
1035 2980 1166 3045 salutas:

446 3065 497 3126 Sic
513 3069 576 3128 eris
591 3074 769 3145 aeternum,
791 3066 983 3146 Pontiliane,
1005 3064 1092 3130 Vale.
1156 3103 1160 3108 -

782 3201 903 3263 LXVll.

398 3313 556 3374 Hibernos
570 3319 718 3393 peterent
733 3313 824 3373 solito
840 3333 907 3374 cum
923 3330 1010 3373 more
1025 3331 1167 3373 recessus

443 3395 606 3474 Atthides,
628 3398 660 3456 iu
674 3397 756 3457 nidis
770 3417 830 3457 una
844 3398 993 3457 remansit
1009 3398 1080 3456 avis.

400 3479 605 3557 Deprendere
617 3482 705 3543 nefas
722 3480 760 3540 ad
773 3488 914 3561 tempora
928 3499 1023 3540 verna
1037 3498 1181 3540 reversae

441 3563 483 3623 nt
496 3564 657 3644 profugam
670 3564 813 3626 volucres
829 3564 987 3644 diripuere
1003 3583 1095 3623 suam.

379 3646 480 3707 5Sero
497 3645 585 3707 dedit
598 3642 729 3728 poenas:
753 3648 889 3728 discerpi
902 3649 993 3707 noxia
1008 3653 1107 3707 mater

442 3731 617 3810 Debuerat,
638 3731 695 3793 sed
706 3738 796 3811 tunc,
819 3752 887 3814 cum
900 3731 1047 3792 laceravit
1061 3730 1140 3813 ltyn.
