3434 4575
538 469 877 533 EPIGRAMMA'I'ON
889 470 964 535 LIB.
981 470 1030 533 Vl.
1246 465 1305 535 137

349 622 462 685 Nullae
476 624 521 682 sic
535 624 594 683 tibi
609 621 808 682 blandientur
824 621 942 701 undae,

351 709 415 768 Nec
431 709 535 766 fontes
551 707 652 786 Aponi
666 704 760 765 rudes
774 704 906 786 puellis,

330 791 424 854 5Non
439 789 540 850 mollis
555 790 700 850 Sinuessa
714 789 890 869 fervidique

349 875 478 935 Fluctus
493 874 634 933 Passeris
649 880 700 933 aut
715 875 866 954 superbus
881 874 1005 953 Anxur,

350 960 418 1019 Non
433 958 553 1018 Phoebi
567 957 643 1017 vada
656 958 876 1038 principesque
891 959 992 1017 Baiae.

348 1042 504 1119 Nusquam
518 1048 579 1100 tam
593 1040 723 1101 nitidum
737 1048 823 1102 vacat
838 1060 998 1102 serenums

350 1126 416 1185 Lux
430 1127 496 1205 ipsa
511 1134 560 1184 est
572 1126 617 1184 ibi
630 1124 768 1203 longior,
793 1124 922 1204 diesque

307 1220 342 1271 10
350 1207 440 1268 Nullo
456 1207 574 1267 tardius
590 1229 607 1267 a
620 1207 689 1267 loco
703 1208 834 1271 recedit.

349 1292 414 1352 fllia
429 1292 561 1371 Taygeti
574 1293 677 1352 virent
692 1291 815 1352 metalla

350 1378 391 1436 lut
407 1382 528 1435 certant
543 1377 627 1435 vario
643 1376 758 1435 decore
773 1396 859 1453 sara,

351 1461 436 1536 Quae
449 1460 554 1538 Phryx
569 1466 603 1518 et
614 1459 709 1538 Libys
725 1458 816 1519 altius
831 1458 961 1535 cecidit3

350 1544 456 1603 Siccos
470 1545 592 1623 pinguis
606 1563 686 1623 onyx
700 1542 826 1603 anhelat
839 1550 942 1604 aestus

306 1628 390 1690 15Et
403 1629 523 1686 hamma
537 1628 624 1687 tenui
638 1626 740 1687 calent
754 1629 888 1708 ophitae.

348 1712 438 1771 Ritus
454 1711 480 1770 si
494 1709 637 1791 placeant
651 1712 708 1770 tibi
722 1711 893 1787 Laconum,

350 1797 522 1856 Contentus
537 1800 628 1873 potes
644 1793 730 1852 arido
744 1813 859 1872 sapore

349 1878 453 1939 Cruda
467 1879 597 1956 Virgine
612 1878 768 1936 Marciave
784 1877 899 1956 mergi;

350 1964 434 2039 Quae
449 1968 511 2021 tam
527 1959 673 2039 candida,
697 1968 759 2020 tans
773 1978 884 2021 serena
898 1959 1001 2039 lucet,

305 2057 341 2110 20
348 2048 391 2108 Ut
404 2044 504 2105 nullas
519 2047 563 2105 ibi
578 2045 744 2125 suspiceris
759 2043 856 2104 undas

347 2132 389 2191 Et
405 2129 513 2189 credas
528 2149 650 2190 vacuam
665 2130 768 2188 nitere
780 2128 906 2208 lygdou.

347 2213 416 2273 Non
432 2213 584 2293 attendis,
605 2218 638 2272 et
652 2232 726 2272 aure
740 2231 789 2272 me
806 2213 915 2294 supina

347 2299 409 2358 lans
424 2297 538 2358 dudum
552 2300 638 2378 quasi
650 2297 847 2377 negligenter
859 2296 954 2359 audis.
980 2338 982 2346 =

346 2381 454 2442 lllotus
470 2382 629 2459 morieris,
652 2381 801 2462 Oppiane.

731 2513 836 2574 XLllI.

347 2626 426 2685 llum
441 2625 498 2685 tibi
512 2624 621 2684 felices
635 2623 815 2703 indulgent,
836 2626 993 2703 Castrice,
1015 2624 1107 2687 Baiae

392 2709 536 2788 (lanaque
552 2707 727 2788 sulphureis
740 2708 875 2788 nympha
889 2713 1012 2768 natatur
1028 2710 1131 2787 aquis,

347 2793 402 2853 Me
417 2793 602 2852 Nomentani
618 2791 800 2852 confirmant
815 2794 878 2851 otia
893 2793 975 2852 ruris

389 2877 430 2936 nt
445 2895 514 2935 casa
524 2876 685 2954 iugeribus
699 2895 761 2937 non
776 2895 908 2936 onerosa
923 2877 994 2938 suis.

324 2961 416 3021 5Hoc
432 2960 507 3020 mihi
521 2961 627 3019 Baiani
642 2959 725 3020 soles
739 2959 905 3040 mollisque
919 2960 1088 3037 Lucrinus,

390 3044 459 3103 Hoc
474 3044 549 3103 mihi
563 3050 635 3104 sunt
648 3050 788 3122 restrae,
813 3046 971 3123 castrice,
992 3044 1125 3104 divitiae.

348 3126 507 3205 Quondam
521 3125 661 3190 laudatas
677 3148 859 3208 quocunque
874 3130 993 3191 libebat
1006 3126 1044 3188 ad
1059 3125 1156 3188 undas

390 3212 543 3290 Currere,
564 3232 622 3273 uec
636 3212 743 3291 longas
757 3216 956 3293 pertimuisse
971 3214 1051 3291 rias,

346 3296 434 3355 Nunc
449 3297 534 3355 urbis
549 3297 649 3356 vicina
662 3299 767 3356 iuvant
778 3297 951 3376 facilesque
965 3303 1126 3371 recessus,

305 3390 338 3443 lo
386 3379 596 3457 strauisset,
618 3380 707 3458 pigro
724 3377 841 3440 silicet
855 3398 925 3440 esse
942 3380 1026 3439 mihi.

730 3511 837 3574 XLIV.

344 3627 471 3687 Festive
488 3608 591 3686 credis
606 3631 655 3704 te,
676 3624 874 3704 Calliodore,
895 3628 992 3688 iocari

389 3708 541 3770 hasalam
556 3708 653 3770 multo
669 3709 882 3790 permaduisse
897 3708 972 3773 sale.
