3434 4575
593 470 933 534 EPIGRAMMATON
946 470 1020 532 LIB.
1035 471 1083 531 Ill.
1320 467 1360 531 77

403 625 484 702 Quid
499 626 544 685 vis
559 643 626 701 me,
649 643 743 701 rogo,
766 624 911 698 Phoebe,
933 622 1106 702 suspicari?

401 706 534 770 Mollem
549 707 681 767 credere
693 714 726 767 te
741 708 839 766 virum
852 704 1010 783 volebam,

380 793 468 855 bSed
482 812 588 852 rumor
603 796 696 870 negat
710 809 780 850 esse
794 797 826 850 te
843 788 1014 851 cinaedum.

402 988 559 1085 Psilothro
573 922 980 1101 faciemlevag*{l{1rlg·l)ace
996 1020 1119 1082 calvam.

444 1106 600 1186 Numquid
614 1112 791 1184 tonsorem,
813 1105 1008 1184 Gargiliane,
1030 1105 1144 1165 timea‘.l

404 1191 486 1267 Quid
499 1192 618 1251 facient
632 1191 770 1269 ungues?
790 1209 860 1248 nam
875 1196 962 1250 certe
977 1208 1040 1249 non
1056 1195 1147 1269 potes
1161 1186 1234 1248 illos

444 1275 575 1352 Resina,
596 1275 719 1336 Veneto
734 1291 793 1333 nec
811 1291 955 1333 resecare
971 1272 1049 1333 luto.

379 1359 535 1435 bllesine,
559 1360 585 1417 si
599 1357 700 1437 pudor
715 1363 779 1434 est,
796 1358 940 1417 miseram
953 1356 1120 1418 traducere
1135 1355 1264 1416 calvam:

443 1442 512 1502 Hoc
528 1443 600 1501 lieri
615 1461 733 1518 cunno,
754 1439 950 1519 Gargiliane,
972 1439 1062 1501 solet.

781 1573 904 1637 LXXV.

403 1673 510 1751 Stare,
531 1673 690 1753 Luperca,
711 1674 770 1733 tibi
783 1674 844 1732 iam
858 1671 981 1752 pridem
995 1672 1132 1734 mentula
1147 1672 1245 1751 desit,

444 1757 586 1817 Luctaris
602 1755 729 1816 demens
744 1763 779 1816 tu
791 1762 896 1815 mmen
910 1757 1059 1835 arrigere.

403 1840 465 1901 Sed
479 1839 561 1900 nihil
578 1859 690 1900 erucae
705 1840 825 1899 iaciunt
838 1837 986 1918 bulbique
1000 1838 1134 1918 salacea,

449 1925 591 2003 lmproba
606 1942 665 1982 neo
680 1928 812 2003 prosunt
826 1924 886 1982 iam
901 1924 1038 1983 satureia
1051 1923 1118 1985 tibi.

381 2007 547 2087 bcoepisti
560 2027 653 2087 puras
669 2007 778 2086 opibus
793 2025 993 2086 corrumpere
1008 2008 1135 2067 buccas:

444 2091 495 2151 Sic
512 2109 634 2170 quoque
649 2111 711 2149 non
724 2092 799 2151 vivit
817 2087 983 2151 sollicitata
996 2091 1113 2153 Venus.

401 2175 514 2235 Mirari
528 2176 602 2234 satis
615 2176 675 2234 hoc
692 2176 851 2254 quisquam
865 2174 917 2235 vel
932 2173 1064 2235 credere
1080 2174 1196 2255 possit,

444 2255 533 2334 Quod
547 2277 610 2318 non
625 2263 702 2336 stat,
723 2277 832 2338 magno
848 2265 948 2338 stare,
969 2259 1128 2341 Luperce,
1148 2259 1230 2320 tibi?

780 2392 916 2455 LXXVI.

402 2490 524 2568 Arrigis
540 2490 579 2549 ad
593 2488 727 2568 vetulas,
746 2488 884 2566 fastidis,
905 2490 1017 2568 Basse,
1037 2489 1173 2570 puellas,

444 2573 510 2633 Nec
523 2574 659 2633 formosa
672 2574 747 2652 tibi,
770 2573 827 2634 sed
842 2574 992 2633 moritura
1005 2574 1119 2655 placet.

401 2658 472 2735 Hic,
487 2675 575 2735 rogo,
587 2676 650 2716 non
662 2657 751 2717 furor
763 2664 822 2736 eat,
835 2676 898 2717 non
910 2658 987 2717 haec
1001 2662 1050 2717 est
1061 2654 1198 2717 mentula
1211 2656 1338 2721 domena

444 2741 521 2801 Cum
534 2742 635 2822 possis
649 2741 819 2819 Hecuben,
839 2760 903 2800 uon
914 2747 1005 2823 potea
1018 2739 1272 2802 Andromachen!

765 2854 915 2917 LXXVII.

402 2950 467 3010 Nec
480 2949 612 3029 mullus,
634 2971 692 3011 nec
707 2958 741 3012 te
757 2951 910 3029 delectat,
931 2951 1075 3030 Baetice,
1095 2951 1223 3032 turdus,

443 3034 509 3094 Nec
523 3035 613 3115 lepus
629 3041 677 3095 eat
691 3056 841 3115 unquam,
863 3054 923 3095 nec
936 3036 995 3095 tibi
1007 3041 1113 3114 gratus
1127 3056 1220 3117 aper;

402 3119 468 3178 Nec
482 3125 515 3178 te
529 3119 592 3180 liba
606 3121 729 3196 iuvant,
751 3139 810 3179 nec
825 3126 930 3180 sectae
946 3120 1063 3198 quadra
1076 3120 1256 3201 placentae,

444 3203 509 3262 Nec
523 3203 622 3283 Libye
637 3205 750 3282 mittit,
772 3223 831 3264 nec
846 3204 904 3264 tibi
917 3204 1028 3263 Phasis
1044 3223 1129 3265 aves:

381 3287 559 3366 50apparin
575 3294 609 3346 et
622 3288 707 3366 putri
722 3307 814 3367 cepas
827 3287 951 3347 hallece
965 3293 1108 3349 natantes

443 3372 485 3430 Et
497 3370 620 3452 pulpam
636 3370 728 3431 dubio
744 3371 784 3432 de
798 3381 947 3453 petasone
962 3390 1067 3450 voras,
1159 3403 1163 3412 ·

402 3454 513 3533 Teque
527 3458 633 3515 iuvant
647 3473 755 3533 gerres
771 3464 803 3516 et
818 3455 904 3536 pelle
922 3453 1104 3535 melandrya
1117 3474 1208 3532 cana,

443 3539 591 3600 Resinata
605 3540 686 3599 bibis
698 3541 787 3618 vina,
808 3539 943 3601 Falerna
956 3540 1047 3619 fugis.

402 3622 515 3684 Nescio
533 3623 615 3703 quod
629 3626 780 3685 stomachi
793 3626 901 3686 vitium
916 3625 1069 3685 secretius
1082 3640 1152 3684 esse

359 3716 394 3769 10
443 3708 606 3788 Suspicor:
627 3715 663 3769 ut
681 3710 755 3787 quid
769 3709 868 3788 enim,
890 3710 1033 3788 Baetice,
1054 3704 1279 3791 aapropbagisi
