<?xml version="1.0" encoding="UTF-8"?>
<!DOCTYPE html PUBLIC "-//W3C//DTD XHTML 1.0 Transitional//EN"
    "http://www.w3.org/TR/xhtml1/DTD/xhtml1-transitional.dtd">
<html xmlns="http://www.w3.org/1999/xhtml" xml:lang="en" lang="en">
 <head>
  <title>
</title>
<meta http-equiv="Content-Type" content="text/html;charset=utf-8" />
  <meta name='ocr-system' content='tesseract 3.04.00' />
  <meta name='ocr-capabilities' content='ocr_page ocr_carea ocr_par ocr_line ocrx_word'/>
</head>
<body>
  <div class='ocr_page' id='page_1' title='image "./satirarumlibriq00juvegoog_0356.png"; bbox 0 0 3434 4575; ppageno 0'>
   <div class='ocr_carea' id='block_1_1' title="bbox 408 457 1125 528">
    <p class='ocr_par' dir='ltr' id='par_1_1' title="bbox 408 457 1125 528">
     <span class='ocr_line' id='line_1_1' title="bbox 408 457 1125 528; baseline -0.014 -1"><span class='ocrx_word' id='word_1_1' title='bbox 408 459 472 528; x_wconf 82' lang='lat'><strong>150</strong></span> <span class='ocrx_word' id='word_1_2' title='bbox 730 457 776 518; x_wconf 75' lang='grc' dir='ltr'><strong>Μ</strong></span> <span class='ocrx_word' id='word_1_3' title='bbox 790 457 882 520; x_wconf 74' lang='lat' dir='ltr'><strong>m.</strong></span> <span class='ocrx_word' id='word_1_4' title='bbox 897 457 1125 518; x_wconf 65' lang='lat' dir='ltr'><strong>strumus</strong></span> 
     </span>
    </p>
   </div>
   <div class='ocr_carea' id='block_1_2' title="bbox 469 608 1309 1112">
    <p class='ocr_par' dir='ltr' id='par_1_2' title="bbox 491 608 1256 774">
     <span class='ocr_line' id='line_1_2' title="bbox 491 608 1256 690; baseline 0.003 -19"><span class='ocrx_word' id='word_1_5' title='bbox 491 614 588 689; x_wconf 71' lang='lat' dir='ltr'><strong>Quam</strong></span> <span class='ocrx_word' id='word_1_6' title='bbox 600 609 653 669; x_wconf 78' lang='lat' dir='ltr'><strong>vel</strong></span> <span class='ocrx_word' id='word_1_7' title='bbox 667 608 707 668; x_wconf 80' lang='lat' dir='ltr'><strong>sd</strong></span> <span class='ocrx_word' id='word_1_8' title='bbox 720 609 851 669; x_wconf 77' lang='lat' dir='ltr'><strong>Aetolae</strong></span> <span class='ocrx_word' id='word_1_9' title='bbox 865 628 1005 669; x_wconf 78' lang='lat' dir='ltr'><strong>securem</strong></span> <span class='ocrx_word' id='word_1_10' title='bbox 1019 609 1155 690; x_wconf 83' lang='lat' dir='ltr'><strong>cuspidis</strong></span> <span class='ocrx_word' id='word_1_11' title='bbox 1169 614 1256 673; x_wconf 84' lang='lat' dir='ltr'><strong>ictus</strong></span> 
     </span>
     <span class='ocr_line' id='line_1_3' title="bbox 533 692 1193 774; baseline -0.002 -19"><span class='ocrx_word' id='word_1_12' title='bbox 533 695 649 755; x_wconf 82' lang='lat' dir='ltr'><strong>Texuit</strong></span> <span class='ocrx_word' id='word_1_13' title='bbox 661 695 815 753; x_wconf 84' lang='lat' dir='ltr'><strong>innumeri</strong></span> <span class='ocrx_word' id='word_1_14' title='bbox 829 692 968 754; x_wconf 89' lang='lat' dir='ltr'><strong>lubricus</strong></span> <span class='ocrx_word' id='word_1_15' title='bbox 982 696 1091 774; x_wconf 69' lang='lat' dir='ltr'><strong>ungu&#39;ss</strong></span> <span class='ocrx_word' id='word_1_16' title='bbox 1106 697 1193 774; x_wconf 72' lang='lat' dir='ltr'><strong>apri:</strong></span> 
     </span>
    </p>

    <p class='ocr_par' dir='ltr' id='par_1_3' title="bbox 469 777 1245 924">
     <span class='ocr_line' id='line_1_4' title="bbox 469 777 1245 859; baseline -0.001 -17"><span class='ocrx_word' id='word_1_17' title='bbox 469 777 582 842; x_wconf 82' lang='lat' dir='ltr'><strong>5Felir</strong></span> <span class='ocrx_word' id='word_1_18' title='bbox 596 785 681 839; x_wconf 90' lang='lat' dir='ltr'><strong>sorte</strong></span> <span class='ocrx_word' id='word_1_19' title='bbox 695 785 766 855; x_wconf 80' lang='lat' dir='ltr'><strong>tur,</strong></span> <span class='ocrx_word' id='word_1_20' title='bbox 788 798 908 837; x_wconf 67' lang='lat' dir='ltr'><strong>sucrum</strong></span> <span class='ocrx_word' id='word_1_21' title='bbox 923 780 972 836; x_wconf 93' lang='lat' dir='ltr'><strong>cui</strong></span> <span class='ocrx_word' id='word_1_22' title='bbox 987 786 1116 857; x_wconf 71' lang='lat' dir='ltr'><strong>tangere</strong></span> <span class='ocrx_word' id='word_1_23' title='bbox 1130 786 1245 859; x_wconf 84' lang='lat' dir='ltr'><strong>pectus</strong></span> 
     </span>
     <span class='ocr_line' id='line_1_5' title="bbox 530 861 1143 924; baseline -0.005 0"><span class='ocrx_word' id='word_1_24' title='bbox 530 864 592 924; x_wconf 82' lang='lat' dir='ltr'><strong>Fss</strong></span> <span class='ocrx_word' id='word_1_25' title='bbox 607 863 670 922; x_wconf 88' lang='lat' dir='ltr'><strong>erit</strong></span> <span class='ocrx_word' id='word_1_26' title='bbox 683 869 717 921; x_wconf 92' lang='lat' dir='ltr'><strong>et</strong></span> <span class='ocrx_word' id='word_1_27' title='bbox 730 863 830 922; x_wconf 80' lang='lat' dir='ltr'><strong>nostri</strong></span> <span class='ocrx_word' id='word_1_28' title='bbox 844 870 949 921; x_wconf 87' lang='lat' dir='ltr'><strong>mente</strong></span> <span class='ocrx_word' id='word_1_29' title='bbox 964 861 1068 922; x_wconf 77' lang='lat' dir='ltr'><strong>celere</strong></span> <span class='ocrx_word' id='word_1_30' title='bbox 1082 861 1143 922; x_wconf 90' lang='lat' dir='ltr'><strong>dei.</strong></span> 
     </span>
    </p>

    <p class='ocr_par' dir='ltr' id='par_1_4' title="bbox 490 945 1309 1112">
     <span class='ocr_line' id='line_1_6' title="bbox 490 945 1261 1027; baseline 0.001 -20"><span class='ocrx_word' id='word_1_31' title='bbox 490 950 503 1008; x_wconf 91' lang='lat' dir='ltr'><strong>i</strong></span> <span class='ocrx_word' id='word_1_32' title='bbox 518 966 620 1007; x_wconf 90' lang='lat' dir='ltr'><strong>comes</strong></span> <span class='ocrx_word' id='word_1_33' title='bbox 635 954 669 1006; x_wconf 90' lang='lat' dir='ltr'><strong>et</strong></span> <span class='ocrx_word' id='word_1_34' title='bbox 680 964 807 1023; x_wconf 70' lang='lat' dir='ltr'><strong>magnos</strong></span> <span class='ocrx_word' id='word_1_35' title='bbox 820 945 929 1006; x_wconf 73' lang='lat' dir='ltr'><strong>illaesa</strong></span> <span class='ocrx_word' id='word_1_36' title='bbox 942 965 1066 1006; x_wconf 87' lang='lat' dir='ltr'><strong>merere</strong></span> <span class='ocrx_word' id='word_1_37' title='bbox 1079 947 1261 1027; x_wconf 88' lang='lat' dir='ltr'><strong>triumphos</strong></span> 
     </span>
     <span class='ocr_line' id='line_1_7' title="bbox 532 1029 1309 1112; baseline 0 -20"><span class='ocrx_word' id='word_1_38' title='bbox 532 1030 749 1109; x_wconf 69' lang='lat' dir='ltr'>Palmataeque</span> <span class='ocrx_word' id='word_1_39' title='bbox 764 1029 891 1109; x_wconf 89' lang='lat' dir='ltr'><strong>ducem,</strong></span> <span class='ocrx_word' id='word_1_40' title='bbox 912 1029 969 1089; x_wconf 89' lang='lat' dir='ltr'><strong>sed</strong></span> <span class='ocrx_word' id='word_1_41' title='bbox 983 1033 1063 1108; x_wconf 87' lang='lat' dir='ltr'><strong>cito,</strong></span> <span class='ocrx_word' id='word_1_42' title='bbox 1084 1029 1184 1090; x_wconf 80' lang='lat' dir='ltr'>redde</span> <span class='ocrx_word' id='word_1_43' title='bbox 1200 1036 1309 1112; x_wconf 66' lang='lat' dir='ltr'><strong>togae.</strong></span> 
     </span>
    </p>
   </div>
   <div class='ocr_carea' id='block_1_3' title="bbox 902 1164 952 1226">
    <p class='ocr_par' dir='ltr' id='par_1_5' title="bbox 902 1164 952 1226">
     <span class='ocr_line' id='line_1_8' title="bbox 902 1164 952 1226; baseline 0 0"><span class='ocrx_word' id='word_1_44' title='bbox 902 1164 952 1226; x_wconf 79' lang='lat' dir='ltr'><strong>ill</strong></span> 
     </span>
    </p>
   </div>
   <div class='ocr_carea' id='block_1_4' title="bbox 493 1277 1332 1441">
    <p class='ocr_par' dir='ltr' id='par_1_6' title="bbox 493 1277 1332 1441">
     <span class='ocr_line' id='line_1_9' title="bbox 493 1277 1332 1357; baseline 0 -16"><span class='ocrx_word' id='word_1_45' title='bbox 493 1281 557 1341; x_wconf 80' lang='lat' dir='ltr'><strong>Gur</strong></span> <span class='ocrx_word' id='word_1_46' title='bbox 571 1298 633 1338; x_wconf 86' lang='lat' dir='ltr'><strong>nou</strong></span> <span class='ocrx_word' id='word_1_47' title='bbox 647 1279 736 1338; x_wconf 91' lang='lat' dir='ltr'><strong>mitto</strong></span> <span class='ocrx_word' id='word_1_48' title='bbox 753 1298 840 1338; x_wconf 86' lang='lat' dir='ltr'><strong>meos</strong></span> <span class='ocrx_word' id='word_1_49' title='bbox 855 1280 931 1355; x_wconf 88' lang='lat' dir='ltr'><strong>tibi,</strong></span> <span class='ocrx_word' id='word_1_50' title='bbox 952 1277 1146 1357; x_wconf 70' lang='lat' dir='ltr'><strong>Pontifices,</strong></span> <span class='ocrx_word' id='word_1_51' title='bbox 1166 1277 1332 1342; x_wconf 72' lang='lat' dir='ltr'><strong>libellos?</strong></span> 
     </span>
     <span class='ocr_line' id='line_1_10' title="bbox 532 1361 1171 1441; baseline -0.002 -18"><span class='ocrx_word' id='word_1_52' title='bbox 532 1364 580 1423; x_wconf 86' lang='lat' dir='ltr'><strong>Ne</strong></span> <span class='ocrx_word' id='word_1_53' title='bbox 593 1363 670 1421; x_wconf 86' lang='lat' dir='ltr'><strong>mihi</strong></span> <span class='ocrx_word' id='word_1_54' title='bbox 683 1369 717 1420; x_wconf 87' lang='lat' dir='ltr'><strong>tu</strong></span> <span class='ocrx_word' id='word_1_55' title='bbox 735 1364 856 1440; x_wconf 76' lang='lat' dir='ltr'><strong>mittas,</strong></span> <span class='ocrx_word' id='word_1_56' title='bbox 877 1361 1071 1441; x_wconf 82' lang='lat' dir='ltr'><strong>Pontilisue,</strong></span> <span class='ocrx_word' id='word_1_57' title='bbox 1091 1371 1171 1423; x_wconf 91' lang='lat' dir='ltr'><strong>tuos.</strong></span> 
     </span>
    </p>
   </div>
   <div class='ocr_carea' id='block_1_5' title="bbox 899 1495 952 1557">
    <p class='ocr_par' dir='ltr' id='par_1_7' title="bbox 899 1495 952 1557">
     <span class='ocr_line' id='line_1_11' title="bbox 899 1495 952 1557; baseline -0.038 0"><span class='ocrx_word' id='word_1_58' title='bbox 899 1495 952 1557; x_wconf 85' lang='lat' dir='ltr'><strong>lv.</strong></span> 
     </span>
    </p>
   </div>
   <div class='ocr_carea' id='block_1_6' title="bbox 491 1605 1106 1771">
    <p class='ocr_par' dir='ltr' id='par_1_8' title="bbox 491 1605 1106 1771">
     <span class='ocr_line' id='line_1_12' title="bbox 491 1605 1106 1686; baseline 0 -19"><span class='ocrx_word' id='word_1_59' title='bbox 491 1608 600 1683; x_wconf 86' lang='lat' dir='ltr'><strong>Esset,</strong></span> <span class='ocrx_word' id='word_1_60' title='bbox 622 1606 778 1682; x_wconf 76' lang='lat' dir='ltr'><strong>custrice,</strong></span> <span class='ocrx_word' id='word_1_61' title='bbox 799 1626 868 1666; x_wconf 88' lang='lat' dir='ltr'><strong>cum</strong></span> <span class='ocrx_word' id='word_1_62' title='bbox 885 1605 960 1667; x_wconf 76' lang='lat' dir='ltr'><strong>muli</strong></span> <span class='ocrx_word' id='word_1_63' title='bbox 973 1605 1106 1686; x_wconf 87' lang='lat' dir='ltr'><strong>coloris,</strong></span> 
     </span>
     <span class='ocr_line' id='line_1_13' title="bbox 491 1690 1062 1771; baseline 0.004 -20"><span class='ocrx_word' id='word_1_64' title='bbox 491 1690 609 1752; x_wconf 86' lang='lat' dir='ltr'><strong>Versus</strong></span> <span class='ocrx_word' id='word_1_65' title='bbox 625 1691 764 1750; x_wconf 88' lang='lat' dir='ltr'><strong>scribere</strong></span> <span class='ocrx_word' id='word_1_66' title='bbox 776 1693 881 1771; x_wconf 87' lang='lat' dir='ltr'><strong>eoepit</strong></span> <span class='ocrx_word' id='word_1_67' title='bbox 894 1691 1062 1771; x_wconf 81' lang='lat' dir='ltr'><strong>0ppisuus.</strong></span> 
     </span>
    </p>
   </div>
   <div class='ocr_carea' id='block_1_7' title="bbox 912 1823 951 1885">
    <p class='ocr_par' dir='ltr' id='par_1_9' title="bbox 912 1823 951 1885">
     <span class='ocr_line' id='line_1_14' title="bbox 912 1823 951 1885; baseline 0 0"><span class='ocrx_word' id='word_1_68' title='bbox 912 1823 951 1885; x_wconf 86' lang='lat' dir='ltr'><strong>V.</strong></span> 
     </span>
    </p>
   </div>
   <div class='ocr_carea' id='block_1_8' title="bbox 491 1935 1333 2264">
    <p class='ocr_par' dir='ltr' id='par_1_10' title="bbox 492 1935 1297 2100">
     <span class='ocr_line' id='line_1_15' title="bbox 492 1935 1297 2018; baseline 0.005 -23"><span class='ocrx_word' id='word_1_69' title='bbox 492 1935 527 1996; x_wconf 86' lang='lat' dir='ltr'><strong>Si</strong></span> <span class='ocrx_word' id='word_1_70' title='bbox 541 1935 748 2013; x_wconf 87' lang='lat' dir='ltr'><strong>desiderium,</strong></span> <span class='ocrx_word' id='word_1_71' title='bbox 769 1937 901 2013; x_wconf 74' lang='lat' dir='ltr'><strong>caesar,</strong></span> <span class='ocrx_word' id='word_1_72' title='bbox 921 1935 1092 2016; x_wconf 78' lang='lat' dir='ltr'><strong>populique</strong></span> <span class='ocrx_word' id='word_1_73' title='bbox 1106 1943 1297 2018; x_wconf 70' lang='lat' dir='ltr'><strong>petrumque</strong></span> 
     </span>
     <span class='ocr_line' id='line_1_16' title="bbox 533 2019 1182 2100; baseline 0.002 -20"><span class='ocrx_word' id='word_1_74' title='bbox 533 2021 675 2100; x_wconf 76' lang='lat' dir='ltr'><strong>Respicis</strong></span> <span class='ocrx_word' id='word_1_75' title='bbox 690 2029 724 2081; x_wconf 87' lang='lat' dir='ltr'><strong>et</strong></span> <span class='ocrx_word' id='word_1_76' title='bbox 737 2019 846 2079; x_wconf 73' lang='lat' dir='ltr'><strong>Letire</strong></span> <span class='ocrx_word' id='word_1_77' title='bbox 861 2020 972 2098; x_wconf 75' lang='lat' dir='ltr'><strong>gurdis</strong></span> <span class='ocrx_word' id='word_1_78' title='bbox 985 2039 1061 2081; x_wconf 77' lang='lat' dir='ltr'><strong>vers</strong></span> <span class='ocrx_word' id='word_1_79' title='bbox 1074 2030 1182 2100; x_wconf 77' lang='lat' dir='ltr'><strong>togae,</strong></span> 
     </span>
    </p>

    <p class='ocr_par' dir='ltr' id='par_1_11' title="bbox 491 2103 1333 2264">
     <span class='ocr_line' id='line_1_17' title="bbox 491 2103 1333 2183; baseline 0.004 -20"><span class='ocrx_word' id='word_1_80' title='bbox 491 2103 602 2164; x_wconf 83' lang='lat' dir='ltr'>Redde</span> <span class='ocrx_word' id='word_1_81' title='bbox 617 2103 709 2163; x_wconf 92' lang='lat' dir='ltr'><strong>deum</strong></span> <span class='ocrx_word' id='word_1_82' title='bbox 721 2105 802 2162; x_wconf 78' lang='lat' dir='ltr'><strong>votis</strong></span> <span class='ocrx_word' id='word_1_83' title='bbox 817 2106 1035 2183; x_wconf 86' lang='lat' dir='ltr'><strong>poscentibus:</strong></span> <span class='ocrx_word' id='word_1_84' title='bbox 1055 2104 1175 2166; x_wconf 73' lang='lat' dir='ltr'><strong>insidet</strong></span> <span class='ocrx_word' id='word_1_85' title='bbox 1186 2106 1275 2166; x_wconf 83' lang='lat' dir='ltr'><strong>hosti</strong></span> <span class='ocrx_word' id='word_1_86' title='bbox 1327 2103 1333 2111; x_wconf 87' lang='lat'>&#39;</span> 
     </span>
     <span class='ocr_line' id='line_1_18' title="bbox 532 2174 1170 2264; baseline 0.006 -17"><span class='ocrx_word' id='word_1_87' title='bbox 532 2189 629 2247; x_wconf 74' lang='lat' dir='ltr'><strong>Roma</strong></span> <span class='ocrx_word' id='word_1_88' title='bbox 643 2207 713 2264; x_wconf 84' lang='lat' dir='ltr'><strong>suo,</strong></span> <span class='ocrx_word' id='word_1_89' title='bbox 731 2189 834 2246; x_wconf 72' lang='lat' dir='ltr'><strong>veniat</strong></span> <span class='ocrx_word' id='word_1_90' title='bbox 851 2186 960 2248; x_wconf 78' lang='lat' dir='ltr'><strong>loures</strong></span> <span class='ocrx_word' id='word_1_91' title='bbox 976 2189 1072 2248; x_wconf 76' lang='lat' dir='ltr'><strong>mults</strong></span> <span class='ocrx_word' id='word_1_92' title='bbox 1082 2174 1170 2251; x_wconf 65' lang='lat' dir='ltr'><strong>licei.</strong></span> 
     </span>
    </p>
   </div>
   <div class='ocr_carea' id='block_1_9' title="bbox 470 2270 1301 2417">
    <p class='ocr_par' dir='ltr' id='par_1_12' title="bbox 470 2270 1301 2417">
     <span class='ocr_line' id='line_1_19' title="bbox 470 2270 1301 2353; baseline 0 -19"><span class='ocrx_word' id='word_1_93' title='bbox 470 2273 664 2334; x_wconf 75' lang='lat' dir='ltr'><strong>5Terrsrum</strong></span> <span class='ocrx_word' id='word_1_94' title='bbox 679 2270 835 2331; x_wconf 84' lang='lat' dir='ltr'><strong>dominum</strong></span> <span class='ocrx_word' id='word_1_95' title='bbox 848 2275 977 2353; x_wconf 90' lang='lat' dir='ltr'><strong>propius</strong></span> <span class='ocrx_word' id='word_1_96' title='bbox 990 2272 1078 2333; x_wconf 82' lang='lat' dir='ltr'><strong>videt</strong></span> <span class='ocrx_word' id='word_1_97' title='bbox 1090 2272 1162 2349; x_wconf 87' lang='lat' dir='ltr'><strong>ille,</strong></span> <span class='ocrx_word' id='word_1_98' title='bbox 1180 2279 1301 2353; x_wconf 82' lang='lat' dir='ltr'><strong>tuoque</strong></span> 
     </span>
     <span class='ocr_line' id='line_1_20' title="bbox 533 2354 1133 2417; baseline 0.003 -2"><span class='ocrx_word' id='word_1_99' title='bbox 533 2357 689 2416; x_wconf 85' lang='lat' dir='ltr'><strong>Terretur</strong></span> <span class='ocrx_word' id='word_1_100' title='bbox 702 2354 788 2415; x_wconf 74' lang='lat' dir='ltr'><strong>voltu</strong></span> <span class='ocrx_word' id='word_1_101' title='bbox 799 2357 950 2417; x_wconf 81' lang='lat' dir='ltr'><strong>bsrbsrus</strong></span> <span class='ocrx_word' id='word_1_102' title='bbox 963 2363 997 2417; x_wconf 90' lang='lat' dir='ltr'><strong>et</strong></span> <span class='ocrx_word' id='word_1_103' title='bbox 1010 2358 1133 2417; x_wconf 82' lang='lat' dir='ltr'><strong>fruitur.</strong></span> 
     </span>
    </p>
   </div>
   <div class='ocr_carea' id='block_1_10' title="bbox 903 2505 956 2566">
    <p class='ocr_par' dir='ltr' id='par_1_13' title="bbox 903 2505 956 2566">
     <span class='ocr_line' id='line_1_21' title="bbox 903 2505 956 2566; baseline -0.019 0"><span class='ocrx_word' id='word_1_104' title='bbox 903 2505 956 2566; x_wconf 88' lang='lat' dir='ltr'><strong>VI.</strong></span> 
     </span>
    </p>
   </div>
   <div class='ocr_carea' id='block_1_11' title="bbox 449 2616 1347 3451">
    <p class='ocr_par' dir='ltr' id='par_1_14' title="bbox 449 2616 1347 3451">
     <span class='ocr_line' id='line_1_22' title="bbox 490 2616 1283 2697; baseline 0.004 -22"><span class='ocrx_word' id='word_1_105' title='bbox 490 2616 613 2696; x_wconf 80' lang='lat' dir='ltr'><strong>Ecquid</strong></span> <span class='ocrx_word' id='word_1_106' title='bbox 625 2617 841 2697; x_wconf 71' lang='lat' dir='ltr'><strong>Hyperboreis</strong></span> <span class='ocrx_word' id='word_1_107' title='bbox 856 2616 896 2676; x_wconf 78' lang='lat' dir='ltr'><strong>sd</strong></span> <span class='ocrx_word' id='word_1_108' title='bbox 908 2637 967 2677; x_wconf 85' lang='lat' dir='ltr'><strong>uos</strong></span> <span class='ocrx_word' id='word_1_109' title='bbox 981 2637 1148 2678; x_wconf 75' lang='lat' dir='ltr'><strong>conversus</strong></span> <span class='ocrx_word' id='word_1_110' title='bbox 1163 2618 1201 2677; x_wconf 78' lang='lat' dir='ltr'><strong>sb</strong></span> <span class='ocrx_word' id='word_1_111' title='bbox 1216 2620 1283 2678; x_wconf 85' lang='lat' dir='ltr'><strong>oris</strong></span> 
     </span>
     <span class='ocr_line' id='line_1_23' title="bbox 531 2702 1150 2781; baseline 0 -20"><span class='ocrx_word' id='word_1_112' title='bbox 531 2703 682 2761; x_wconf 79' lang='lat' dir='ltr'><strong>Ausonius</strong></span> <span class='ocrx_word' id='word_1_113' title='bbox 696 2702 885 2761; x_wconf 70' lang='lat' dir='ltr'><strong>Caesarium</strong></span> <span class='ocrx_word' id='word_1_114' title='bbox 898 2709 987 2781; x_wconf 78' lang='lat' dir='ltr'><strong>pust</strong></span> <span class='ocrx_word' id='word_1_115' title='bbox 1001 2704 1049 2761; x_wconf 89' lang='lat' dir='ltr'><strong>ire</strong></span> <span class='ocrx_word' id='word_1_116' title='bbox 1062 2702 1150 2761; x_wconf 66' lang='lat' dir='ltr'><strong>viss?</strong></span> 
     </span>
     <span class='ocr_line' id='line_1_24' title="bbox 491 2784 1347 2863; baseline 0.005 -19"><span class='ocrx_word' id='word_1_117' title='bbox 491 2786 605 2845; x_wconf 78' lang='lat' dir='ltr'><strong>Certus</strong></span> <span class='ocrx_word' id='word_1_118' title='bbox 619 2787 708 2846; x_wconf 72' lang='lat' dir='ltr'><strong>abest</strong></span> <span class='ocrx_word' id='word_1_119' title='bbox 720 2794 845 2863; x_wconf 78' lang='lat' dir='ltr'><strong>ructor,</strong></span> <span class='ocrx_word' id='word_1_120' title='bbox 867 2784 926 2845; x_wconf 83' lang='lat' dir='ltr'><strong>sed</strong></span> <span class='ocrx_word' id='word_1_121' title='bbox 940 2805 998 2845; x_wconf 74' lang='lat' dir='ltr'><strong>vox</strong></span> <span class='ocrx_word' id='word_1_122' title='bbox 1011 2787 1072 2845; x_wconf 86' lang='lat' dir='ltr'><strong>hoc</strong></span> <span class='ocrx_word' id='word_1_123' title='bbox 1086 2786 1212 2845; x_wconf 72' lang='lat' dir='ltr'><strong>nucist</strong></span> <span class='ocrx_word' id='word_1_124' title='bbox 1226 2787 1347 2848; x_wconf 84' lang='lat' dir='ltr'><strong>omnis:</strong></span> 
     </span>
     <span class='ocr_line' id='line_1_25' title="bbox 497 2869 1238 2947; baseline 0.003 -20"><span class='ocrx_word' id='word_1_125' title='bbox 497 2905 500 2912; x_wconf 79' lang='lat'><em>,</em></span> <span class='ocrx_word' id='word_1_126' title='bbox 535 2869 639 2928; x_wconf 80' lang='lat' dir='ltr'><strong>Credo</strong></span> <span class='ocrx_word' id='word_1_127' title='bbox 653 2870 728 2928; x_wconf 83' lang='lat' dir='ltr'><strong>tibi:</strong></span> <span class='ocrx_word' id='word_1_128' title='bbox 749 2888 856 2928; x_wconf 78' lang='lat' dir='ltr'><strong>serum</strong></span> <span class='ocrx_word' id='word_1_129' title='bbox 871 2869 994 2947; x_wconf 88' lang='lat' dir='ltr'><strong>dicere,</strong></span> <span class='ocrx_word' id='word_1_130' title='bbox 1014 2870 1127 2944; x_wconf 68' lang='lat' dir='ltr'>Fama,</span> <span class='ocrx_word' id='word_1_131' title='bbox 1146 2869 1238 2930; x_wconf 87' lang='lat' dir='ltr'><strong>soles.</strong></span> 
     </span>
     <span class='ocr_line' id='line_1_26' title="bbox 471 2951 1235 3032; baseline -0.003 -19"><span class='ocrx_word' id='word_1_132' title='bbox 471 2951 623 3014; x_wconf 81' lang='lat' dir='ltr'><strong>5Publics</strong></span> <span class='ocrx_word' id='word_1_133' title='bbox 637 2953 782 3011; x_wconf 76' lang='lat' dir='ltr'><strong>victrices</strong></span> <span class='ocrx_word' id='word_1_134' title='bbox 798 2961 953 3012; x_wconf 77' lang='lat' dir='ltr'><strong>testantur</strong></span> <span class='ocrx_word' id='word_1_135' title='bbox 968 2954 1079 3032; x_wconf 75' lang='lat' dir='ltr'><strong>gaudis</strong></span> <span class='ocrx_word' id='word_1_136' title='bbox 1093 2954 1235 3030; x_wconf 74' lang='lat' dir='ltr'><strong>chartae,</strong></span> 
     </span>
     <span class='ocr_line' id='line_1_27' title="bbox 532 3033 1157 3117; baseline 0 -20"><span class='ocrx_word' id='word_1_137' title='bbox 532 3036 647 3097; x_wconf 73' lang='lat' dir='ltr'><strong>Martis</strong></span> <span class='ocrx_word' id='word_1_138' title='bbox 658 3033 815 3113; x_wconf 69' lang='lat' dir='ltr'><strong>laurigera</strong></span> <span class='ocrx_word' id='word_1_139' title='bbox 829 3036 956 3117; x_wconf 84' lang='lat' dir='ltr'><strong>cuspide</strong></span> <span class='ocrx_word' id='word_1_140' title='bbox 970 3037 1034 3117; x_wconf 79' lang='lat' dir='ltr'><strong>pila</strong></span> <span class='ocrx_word' id='word_1_141' title='bbox 1047 3039 1157 3097; x_wconf 75' lang='lat' dir='ltr'><strong>virent.</strong></span> 
     </span>
     <span class='ocr_line' id='line_1_28' title="bbox 490 3119 1344 3204; baseline 0.005 -23"><span class='ocrx_word' id='word_1_142' title='bbox 490 3122 623 3197; x_wconf 83' lang='lat' dir='ltr'><strong>Rursus,</strong></span> <span class='ocrx_word' id='word_1_143' title='bbox 644 3121 693 3196; x_wconf 91' lang='lat' dir='ltr'><strong>io,</strong></span> <span class='ocrx_word' id='word_1_144' title='bbox 714 3138 840 3196; x_wconf 77' lang='lat' dir='ltr'><strong>nsgnos</strong></span> <span class='ocrx_word' id='word_1_145' title='bbox 857 3119 969 3180; x_wconf 69' lang='lat' dir='ltr'><strong>clamat</strong></span> <span class='ocrx_word' id='word_1_146' title='bbox 981 3124 1040 3181; x_wconf 82' lang='lat' dir='ltr'><strong>tihi</strong></span> <span class='ocrx_word' id='word_1_147' title='bbox 1052 3122 1150 3181; x_wconf 75' lang='lat' dir='ltr'><strong>Romu</strong></span> <span class='ocrx_word' id='word_1_148' title='bbox 1163 3122 1344 3204; x_wconf 83' lang='lat' dir='ltr'><strong>triumphos</strong></span> 
     </span>
     <span class='ocr_line' id='line_1_29' title="bbox 533 3203 1231 3283; baseline 0.003 -18"><span class='ocrx_word' id='word_1_149' title='bbox 533 3206 811 3283; x_wconf 71' lang='lat' dir='ltr'><strong>indempnem,</strong></span> <span class='ocrx_word' id='word_1_150' title='bbox 834 3203 967 3279; x_wconf 70' lang='lat' dir='ltr'><strong>Caesar,</strong></span> <span class='ocrx_word' id='word_1_151' title='bbox 990 3206 1024 3263; x_wconf 87' lang='lat' dir='ltr'><strong>in</strong></span> <span class='ocrx_word' id='word_1_152' title='bbox 1038 3207 1118 3266; x_wconf 89' lang='lat' dir='ltr'><strong>urbe</strong></span> <span class='ocrx_word' id='word_1_153' title='bbox 1131 3224 1231 3267; x_wconf 79' lang='lat' dir='ltr'><strong>sonus.</strong></span> 
     </span>
     <span class='ocr_line' id='line_1_30' title="bbox 491 3285 1167 3367; baseline -0.001 -17"><span class='ocrx_word' id='word_1_154' title='bbox 491 3289 556 3350; x_wconf 84' lang='lat' dir='ltr'><strong>Sed</strong></span> <span class='ocrx_word' id='word_1_155' title='bbox 568 3292 629 3349; x_wconf 78' lang='lat' dir='ltr'><strong>ism</strong></span> <span class='ocrx_word' id='word_1_156' title='bbox 641 3285 781 3348; x_wconf 74' lang='lat' dir='ltr'><strong>hedure</strong></span> <span class='ocrx_word' id='word_1_157' title='bbox 795 3306 856 3365; x_wconf 87' lang='lat' dir='ltr'><strong>quo</strong></span> <span class='ocrx_word' id='word_1_158' title='bbox 872 3288 914 3346; x_wconf 89' lang='lat' dir='ltr'><strong>sit</strong></span> <span class='ocrx_word' id='word_1_159' title='bbox 925 3286 1039 3347; x_wconf 74' lang='lat' dir='ltr'><strong>fiducia</strong></span> <span class='ocrx_word' id='word_1_160' title='bbox 1053 3291 1167 3367; x_wconf 82' lang='lat' dir='ltr'><strong>msior,</strong></span> 
     </span>
     <span class='ocr_line' id='line_1_31' title="bbox 449 3370 1153 3451; baseline -0.001 -17"><span class='ocrx_word' id='word_1_161' title='bbox 449 3383 484 3434; x_wconf 82' lang='lat' dir='ltr'><strong>lo</strong></span> <span class='ocrx_word' id='word_1_162' title='bbox 531 3374 719 3434; x_wconf 68' lang='lat' dir='ltr'><strong>Sarmaticae</strong></span> <span class='ocrx_word' id='word_1_163' title='bbox 731 3370 836 3432; x_wconf 75' lang='lat' dir='ltr'><strong>laurus</strong></span> <span class='ocrx_word' id='word_1_164' title='bbox 846 3372 977 3431; x_wconf 85' lang='lat' dir='ltr'><strong>nuncius</strong></span> <span class='ocrx_word' id='word_1_165' title='bbox 990 3373 1059 3451; x_wconf 91' lang='lat' dir='ltr'><strong>ipse</strong></span> <span class='ocrx_word' id='word_1_166' title='bbox 1072 3375 1153 3433; x_wconf 76' lang='lat' dir='ltr'><strong>veui.</strong></span> 
     </span>
    </p>
   </div>
   <div class='ocr_carea' id='block_1_12' title="bbox 895 3505 960 3568">
    <p class='ocr_par' dir='ltr' id='par_1_15' title="bbox 895 3505 960 3568">
     <span class='ocr_line' id='line_1_32' title="bbox 895 3505 960 3568; baseline 0 0"><span class='ocrx_word' id='word_1_167' title='bbox 895 3505 960 3568; x_wconf 73' lang='lat' dir='ltr'><strong>vii</strong></span> 
     </span>
    </p>
   </div>
   <div class='ocr_carea' id='block_1_13' title="bbox 487 3616 1176 3782">
    <p class='ocr_par' dir='ltr' id='par_1_16' title="bbox 487 3616 1176 3782">
     <span class='ocr_line' id='line_1_33' title="bbox 489 3616 1176 3697; baseline 0.004 -22"><span class='ocrx_word' id='word_1_168' title='bbox 489 3616 629 3678; x_wconf 79' lang='lat' dir='ltr'><strong>Hiberus</strong></span> <span class='ocrx_word' id='word_1_169' title='bbox 643 3620 779 3697; x_wconf 73' lang='lat' dir='ltr'><strong>quemvis</strong></span> <span class='ocrx_word' id='word_1_170' title='bbox 792 3619 906 3678; x_wconf 80' lang='lat' dir='ltr'><strong>Arctos</strong></span> <span class='ocrx_word' id='word_1_171' title='bbox 922 3622 957 3677; x_wconf 92' lang='lat' dir='ltr'><strong>et</strong></span> <span class='ocrx_word' id='word_1_172' title='bbox 970 3618 1057 3678; x_wconf 82' lang='lat' dir='ltr'><strong>rudis</strong></span> <span class='ocrx_word' id='word_1_173' title='bbox 1071 3618 1176 3678; x_wconf 87' lang='lat' dir='ltr'><strong>Peuce</strong></span> 
     </span>
     <span class='ocr_line' id='line_1_34' title="bbox 487 3699 1122 3782; baseline 0.005 -24"><span class='ocrx_word' id='word_1_174' title='bbox 487 3699 530 3758; x_wconf 82' lang='lat' dir='ltr'><strong>Et</strong></span> <span class='ocrx_word' id='word_1_175' title='bbox 541 3701 724 3779; x_wconf 71' lang='lat' dir='ltr'><strong>ungularum</strong></span> <span class='ocrx_word' id='word_1_176' title='bbox 737 3699 879 3782; x_wconf 79' lang='lat' dir='ltr'><strong>pulsibus</strong></span> <span class='ocrx_word' id='word_1_177' title='bbox 892 3700 997 3763; x_wconf 77' lang='lat' dir='ltr'><strong>celeus</strong></span> <span class='ocrx_word' id='word_1_178' title='bbox 1011 3703 1122 3762; x_wconf 82' lang='lat' dir='ltr'><strong>Hister</strong></span> 
     </span>
    </p>
   </div>
   <div class='ocr_carea' id='block_1_14' title="bbox 357 3969 488 4035">
    <p class='ocr_par' dir='ltr' id='par_1_17' title="bbox 357 3969 488 4035">
     <span class='ocr_line' id='line_1_35' title="bbox 357 3969 488 4035; baseline 0 0"><span class='ocrx_word' id='word_1_179' title='bbox 357 3969 488 4035; x_wconf 60' lang='lat' dir='ltr'><strong>A</strong></span> 
     </span>
    </p>
   </div>
   <div class='ocr_carea' id='block_1_15' title="bbox 0 0 1722 4575">
    <p class='ocr_par' dir='ltr' id='par_1_18' title="bbox 0 0 1722 4575">
     <span class='ocr_line' id='line_1_36' title="bbox 0 0 1722 4575; baseline 0 4"><span class='ocrx_word' id='word_1_180' title='bbox 0 0 1722 4575; x_wconf 95' lang='lat' dir='ltr'><strong> </strong></span> 
     </span>
    </p>
   </div>
  </div>
 </body>
</html>
