3434 4575
376 345 438 411 1³6
698 344 742 404 M.
761 343 852 406 VAL.
871 341 1094 404 MARTIALIS

831 544 968 608 XXXIX.

459 664 554 724 Pater
571 682 608 723 ex
622 660 776 740 Marulla,
799 662 914 742 Cinna,
935 664 1036 724 factus
1052 683 1085 724 es
1102 672 1228 747 septem

459 748 529 808 Non
541 747 724 808 liberorum:
747 766 877 825 namque
894 768 952 808 nec
967 757 1036 808 tuus
1051 750 1232 832 quisquam,

460 832 526 892 Nec
540 838 589 892 est
602 832 691 891 amici
704 832 824 892 filiusve
839 834 947 910 vicini,

462 914 525 976 Sed
539 918 572 976 in
586 916 721 994 grabatis
736 918 954 996 tegetibusque
972 919 1115 998 concepti

438 1000 604 1062 5Materna
616 997 753 1079 produnt
767 1002 917 1078 capitibus
933 1001 994 1060 suis
1009 1001 1100 1060 furta.

460 1085 536 1162 Hic,
559 1085 611 1163 qui
625 1088 746 1142 retorto
761 1085 847 1143 crine
864 1085 990 1144 Maurus
1004 1083 1137 1162 incedit,

462 1165 608 1228 Subolem
622 1167 738 1226 fatetur
753 1185 822 1227 esse
838 1186 872 1228 se
887 1169 953 1227 coci
969 1168 1108 1229 Santrae.

461 1249 573 1312 Atina
588 1253 663 1311 slma
677 1268 769 1328 nare,
791 1251 923 1331 turgidis
938 1251 1051 1329 labris,

442 1349 448 1369 ¹
461 1336 529 1413 lpsa
544 1341 593 1394 est
606 1337 705 1412 imago
720 1334 880 1414 Pannychi
893 1332 1103 1416 palaestritae.

419 1418 592 1482 lbl‘istoris
607 1435 676 1478 esse
692 1419 818 1477 tertium
835 1421 903 1498 quls
919 1421 1059 1497 ignorat,

463 1502 644 1581 Quicunque
658 1500 776 1581 lippum
790 1505 876 1563 novit
890 1511 923 1562 et
936 1501 1022 1562 videt
1036 1501 1183 1561 Damam?

463 1587 596 1662 Quartus
611 1584 739 1646 cinaeda
753 1586 875 1664 fronte,
897 1585 1027 1646 candido
1043 1584 1144 1663 voltu,

461 1670 508 1730 Ex
523 1671 693 1730 concubIno
708 1677 796 1729 natus
811 1676 860 1730 est
874 1671 931 1729 tihi
945 1669 1069 1748 Lygdo:
1092 1686 1095 1691 ·

461 1753 595 1814 Percide
611 1755 636 1814 si
651 1755 714 1830 vis,
735 1753 847 1813 tilium:
871 1753 958 1812 nefas
972 1773 1034 1812 non
1050 1759 1107 1813 est.

420 1838 552 1899 loliano
566 1857 640 1898 vero
656 1842 745 1897 acuto
761 1839 862 1917 capite
880 1844 913 1897 et
927 1839 1050 1896 auribus
1065 1835 1185 1914 longis,

462 1922 547 1999 Quae
562 1924 607 1982 sic
622 1926 799 1999 moventur,
821 1927 855 1981 ut
871 1918 974 1981 solent
990 1918 1172 1997 asellorum,

463 2006 538 2081 Quis
553 2005 700 2065 morionis
714 2002 812 2063 lilium
825 2010 919 2082 negat
935 2004 1072 2082 Cyrtae?

462 2089 547 2148 Duae
562 2105 703 2163 sorores,
724 2087 777 2146 illa
791 2090 878 2166 nigra
892 2089 1015 2148 ethaeo
1030 2087 1115 2165 rufa,

464 2173 553 2233 Groti
569 2168 732 2231 choraulae
746 2170 891 2249 vilicique
907 2178 978 2231 sunt
993 2172 1095 2251 Carpi.

419 2256 584 2335 nolamque
599 2251 789 2315 hihridarum
804 2273 879 2334 grex
894 2257 951 2316 tibi
965 2255 1050 2316 foret
1064 2252 1193 2335 plenus,

464 2340 497 2400 Si
511 2340 606 2420 spado
622 2340 757 2429 (ioresus
774 2339 1007 2420 Dindymusque
1021 2359 1083 2398 nou
1099 2344 1192 2398 esset.

867 2502 932 2564 XL.

463 2620 592 2681 Femina
605 2620 760 2700 praeferri
775 2621 878 2701 potuit
892 2620 949 2679 tibi
963 2617 1065 2697 nulla,
1086 2618 1215 2697 Lycorl=

505 2704 664 2765 Praeferri
680 2703 833 2784 Glycerae
846 2703 962 2763 femina
975 2702 1060 2763 nulla
1073 2708 1186 2783 potest,

463 2788 550 2847 Haec
564 2790 626 2848 erit
636 2789 696 2849 hoc
708 2787 791 2867 qnod
804 2794 853 2848 tu:
869 2795 903 2847 tu
917 2806 978 2847 non
993 2796 1083 2867 potes
1095 2804 1164 2847 esse
1177 2785 1262 2865 quod
1272 2786 1354 2850 hoco
1370 2806 1389 2848 e

484 2912 486 2916 s
506 2870 662 2952 Tempora
677 2871 751 2951 quid
765 2872 897 2932 faciunt!
920 2872 998 2931 hanc
1012 2868 1100 2949 volo,
1121 2876 1154 2930 te
1166 2869 1261 2935 volui.

867 3033 945 3095 XLI.

464 3150 523 3225 Qui
537 3149 651 3210 recitat
664 3146 735 3209 lana
748 3149 854 3210 fauces
870 3156 903 3210 et
917 3148 999 3209 colla
1014 3148 1186 3227 revinctus¹

505 3234 565 3293 Hic
580 3251 614 3293 se
627 3251 721 3313 posse
734 3234 836 3313 loqui,
857 3252 950 3313 posse
966 3239 1071 3293 tacere
1085 3234 1186 3313 negot.

852 3394 943 3455 XLII.

461 3506 587 3567 Etrusci
601 3508 661 3568 nisi
673 3504 837 3567 thermulis
850 3503 979 3585 lavaris,

463 3586 570 3649 illotus
585 3591 745 3668 morleris,
768 3589 917 3670 Oppiane.

293 3845 536 4167 sy
627 3813 632 3822 ·
