3434 4575
403 463 464 528 108
728 464 773 526 Μ.
789 464 882 527 VAL.
895 463 1123 526 MARTIALIS

487 617 539 679 Sic
554 623 697 697 tanquam
712 614 793 676 nihil
809 595 923 678 offerus
938 634 1079 695 agesque.

488 703 522 762 Si
537 703 608 761 novi
623 700 780 761 dominum
795 719 907 761 novem
923 719 1081 777 sororum,

486 784 579 848 Ultro
595 804 786 866 purpureum
800 791 890 865 petet
904 782 1052 844 libellum.

896 918 960 980 VII.

488 1032 631 1110 Qualiter
645 1034 791 1112 Assyrios
806 1038 957 1092 renovant
971 1030 1116 1092 incendia
1130 1031 1242 1112 nidos,

529 1119 598 1180 Una
614 1117 723 1178 ‹lecem
739 1118 881 1195 quotiens
898 1114 1019 1176 saeculo
1032 1117 1109 1176 vixit
1124 1119 1204 1196 evis,

489 1202 612 1263 Taliter
628 1208 719 1262 exuta
733 1207 784 1261 est
797 1206 939 1260 veterem
953 1219 1031 1260 nove
1045 1201 1142 1260 Romu
1156 1208 1326 1264 senectam

530 1287 573 1347 Et
588 1287 719 1365 sumpsit
731 1283 833 1345 voltus
848 1283 1003 1364 praesidis
1017 1285 1084 1364 ipsa
1101 1286 1157 1345 sui.

490 1372 551 1430 lam
566 1388 680 1450 precor
695 1367 811 1429 oblitus
824 1375 969 1446 nostrae,
991 1367 1147 1445 volesne,
1171 1367 1333 1447 querelae

529 1454 644 1513 Parce:
667 1472 769 1513 snmus
785 1452 897 1513 Martis
912 1452 1018 1529 turba,
1041 1450 1096 1511 sed
1113 1459 1146 1511 et
1162 1452 1322 1514 Veneris:

486 1536 604 1615 Parce,
625 1543 730 1617 pater:
747 1537 792 1595 sic
806 1535 981 1595 Lemniacis
994 1534 1109 1595 lasciva
1124 1537 1246 1596 catenis

528 1622 671 1700 Ignoscat
685 1621 817 1681 coniunx
832 1626 866 1680 et
879 1620 1037 1700 patienter
1053 1624 1143 1680 amet.

884 1769 962 1832 VIII.

487 1882 631 1946 Edictum
647 1882 763 1956 domini
778 1882 892 1962 deique
907 1885 1025 1958 nostri,

489 1968 557 2044 Quo
573 1968 719 2030 subsellia
734 1969 871 2028 certiora
884 1967 962 2026 liunt

487 2053 530 2114 Et
543 2072 638 2132 puros
653 2070 750 2130 eques
768 2050 894 2111 ordmes
908 2051 1046 2130 recepit,

488 2136 567 2196 Dum
584 2136 692 2197 laudat
706 2133 797 2194 modo
812 2135 922 2194 Phasis
935 2136 968 2194 in
982 2135 1123 2212 theatro,

467 2220 599 2280 5'Phasis
614 2220 780 2301 purpureis
797 2220 893 2278 ruber
905 2216 1057 2297 lacernis,

487 2305 530 2366 Ea
543 2306 639 2365 iactat
651 2302 769 2363 tumido
785 2304 937 2381 superbus
952 2321 1025 2362 ore:

488 2388 651 2464 ‚,Tundem
667 2385 855 2446 commodius
870 2386 947 2447 licet
960 2385 1090 2463 sedere,

488 2473 577 2533 Nunc
591 2479 640 2533 est
653 2470 777 2531 reddita
792 2470 927 2549 dignitas
941 2471 1115 2549 equestris3

489 2555 596 2616 Turba
609 2577 670 2616 non
685 2557 871 2636 premimur,
893 2573 952 2615 nec
968 2555 1163 2633 inquinamur
1171 2552 1201 2611 =“

446 2640 574 2702 lollaec
589 2647 621 2701 et
636 2640 710 2701 talia
725 2640 797 2700 dum
811 2639 913 2700 refert
928 2639 1071 2719 supinus,

487 2721 559 2784 Illas
573 2743 745 2806 purpureas
761 2732 794 2785 et
810 2729 991 2802 arrogantes

379 2863 382 2876 ,
487 2806 580 2868 Iussit
594 2828 723 2889 surgere
737 2810 844 2870 Leitus
861 2805 1012 2867 lacernas.

898 2940 950 3002 IX.

489 3050 700 3129 Languebamt
722 3052 779 3113 sed
793 3062 825 3113 tu
841 3054 1003 3113 comitatus
1017 3054 1159 3132 protinus
1177 3052 1283 3114 adme

531 3135 654 3197 Venisti
670 3143 811 3215 centum,
833 3136 1032 3215 Symmache‚
1054 3134 1222 3215 discipulis.

490 3218 621 3279 Centum
636 3239 685 3280 me
699 3220 836 3297 tetigere
851 3238 956 3279 manus
972 3218 1117 3298 aqussone
1131 3217 1270 3297 gelatae:

531 3304 600 3363 Non
614 3304 707 3364 habui
721 3304 862 3381 febrem,
885 3302 1081 3382 Symmache,
1103 3321 1184 3364 nunc
1198 3304 1313 3369 habeo.

907 3435 945 3499 X.

488 3548 567 3609 Esse
583 3548 657 3629 quid
672 3550 732 3609 hoc
747 3546 865 3626 dicum,
880 3548 956 3606 vivis
972 3545 1054 3626 qnod
1069 3546 1150 3618 lama
1163 3556 1300 3626 negatur

530 3633 573 3693 Et
589 3653 644 3694 sna
664 3630 748 3713 qnod
761 3650 850 3692 rarus
866 3637 1008 3712 tempora
1021 3629 1123 3690 lector
1138 3634 1244 3692 amat?

487 3715 531 3775 Hi
546 3723 618 3777 sunt
633 3716 768 3777 invidiae
783 3716 943 3795 nimirum,
965 3713 1103 3794 Regule,
1125 3733 1247 3793 mores,

361 3887 489 4019 ἱ
