3434 4575
590 463 930 528 EPIGRAMMATON
943 463 1017 524 LlB.
1035 463 1106 524 xl..
1301 458 1366 524 259
1460 504 1463 510 ·

383 621 537 683 5Romani
551 619 646 678 decus
663 624 696 677 et
711 616 802 677 dolor
816 617 933 676 theatri

403 706 507 784 Atque
524 714 630 763 omnes
646 702 788 763 Veneres
803 698 1036 779 Cupidinesque

403 790 472 849 Hoc
491 794 564 847 sunt
580 784 720 863 conditu,
745 804 805 863 quo
818 785 924 861 Paris,
946 782 1099 863 sepulcro.

801 918 882 980 xlv.

403 1035 565 1113 Heredes,
584 1032 684 1094 nolite
702 1036 828 1094 brevem
846 1030 984 1111 sepelire
1000 1023 1162 1091 colonum:

445 1119 520 1179 Nam
535 1126 620 1191 terra
634 1124 683 1178 est
698 1115 746 1176 illi
762 1115 1031 1196 quantulacunque
1046 1114 1156 1194 gravis.

804 1250 873 1311 XV.

403 1365 482 1425 Sunt
497 1365 622 1424 chartae
638 1363 731 1439 mihi,
755 1381 828 1441 quas
844 1362 969 1421 Catonis
985 1380 1061 1421 uxor

401 1451 443 1510 Et
458 1468 531 1526 quas
545 1445 715 1507 horribiles
729 1444 835 1524 legant
849 1445 991 1507 Sabinae.

402 1534 462 1593 Hie
478 1537 562 1591 totus
576 1529 647 1591 volo
663 1528 766 1589 rideat
779 1528 907 1589 libellus

401 1617 442 1676 Et
457 1616 498 1675 sit
512 1615 645 1694 nequior
662 1614 802 1673 omnibus
816 1610 953 1689 libellis,

382 1700 465 1775 sttui
475 1701 550 1758 vino
565 1698 687 1757 madeat
701 1716 760 1757 neo
774 1698 939 1757 erubeseat

402 1783 514 1859 Pingui
531 1781 675 1841 sordidus
690 1799 760 1841 esso
778 1781 952 1842 Cosmiano.

403 1865 504 1925 Ludat
519 1886 587 1925 oum
602 1867 725 1946 pueris,
747 1870 829 1925 amet
846 1861 984 1943 puellas;

403 1949 468 2009 Nec
481 1967 540 2029 per
554 1951 700 2010 circuitus
713 1947 858 2027 loquatur
872 1945 975 2025 illam,

403 2034 449 2093 Ex
466 2052 526 2111 qua
539 2036 708 2110 nascimur,
732 2033 865 2093 omnium
880 2036 1059 2112 parentem,

361 2128 395 2181 lo
402 2118 498 2195 Quam
513 2125 636 2177 sanctus
648 2118 746 2177 Numa
760 2114 929 2177 mentulam
943 2116 1079 2179 vocabat.

402 2202 524 2264 Versus
538 2202 595 2261 hos
609 2206 715 2261 tamen
729 2220 798 2261 esse
813 2206 847 2260 tu
862 2205 1016 2260 memento

402 2283 642 2364 Saturnalicios,
663 2283 862 2366 Apollinaris.

404 2372 513 2430 Mores
528 2390 591 2429 non
607 2371 704 2430 habet
717 2371 769 2429 hic
783 2388 869 2429 meos
882 2366 1020 2430 libellus.

805 2516 886 2579 XVI.

405 2629 464 2706 Qui
479 2629 579 2707 gravis
594 2646 628 2688 es
643 2629 786 2708 nimium,
808 2637 900 2712 potes
913 2632 986 2691 hine
1002 2632 1080 2709 iam,
1102 2630 1220 2712 lector,
1243 2634 1332 2694 ubire

446 2714 513 2790 Quo
527 2710 619 2771 libet:
641 2715 778 2774 urbanae
792 2716 971 2796 scripsimus
984 2715 1045 2776 ista
1059 2721 1159 2793 togae.

401 2799 478 2858 Nam
495 2816 563 2857 mea
576 2796 755 2878 lampsaeio
770 2797 893 2861 lascivit
905 2801 1016 2880 pagina
1031 2818 1122 2860 versu

443 2884 485 2943 llt
500 2882 697 2942 Tartessium
713 2891 881 2964 concrepat
896 2903 968 2944 aera
982 2902 1080 2944 manu.

403 2967 430 3027 0
447 2967 590 3046 quotiens
605 2965 707 3045 rigida
720 2965 858 3048 pulsabis
872 2966 966 3048 pallia
981 2986 1074 3045 vena,

446 3051 495 3110 Sis
511 3050 633 3128 gravior
650 3050 744 3109 Curio
758 3052 966 3130 Fabricioque
981 3049 1072 3111 lieet!

403 3135 454 3193 'l'u
469 3151 592 3213 quoque
607 3134 762 3211 nequitias
776 3136 878 3194 nostri
891 3133 1040 3214 lususque
1053 3134 1157 3196 libelli

360 3242 366 3253 ·
444 3216 514 3277 Uda
527 3215 634 3297 puella
646 3214 749 3295 legas,
770 3219 811 3276 sis
826 3217 973 3276 Patavina
985 3218 1068 3278 licet.

402 3302 537 3362 Erubuit
549 3302 714 3379 posuitque
729 3300 836 3360 meum'
844 3300 990 3360 Lucretia
1003 3298 1133 3378 librum3

362 3395 396 3448 10
446 3382 510 3444 Sed
525 3402 627 3443 eoram
641 3385 755 3456 Bruto;
774 3385 887 3462 Brute,
909 3373 1039 3444 recede:
1060 3382 1156 3464 leget.

794 3517 889 3580 XVII.

403 3632 472 3693 Non
488 3631 585 3691 omnis
600 3633 699 3691 nostri
712 3639 864 3693 nocturna
879 3637 928 3694 est
942 3633 1052 3712 pagina
1066 3629 1155 3691 libri:

447 3716 588 3777 invenies
605 3715 854 3796 etquodnam,
878 3717 1009 3796 Sabine,
1029 3716 1125 3794 legas.

1090 3795 1155 3860 17*

1352 3856 1457 4046 Ι
