3434 4575
369 445 431 509 162
692 445 737 507 M.
753 444 846 506 VAL.
863 436 1090 505 MARTlALlS

823 648 957 711 XLVlll.

454 761 531 823 (lum
545 779 666 820 mensas
680 762 793 821 habeat
808 762 878 821 lere
892 767 1067 839 trecentas,

452 847 515 905 Pro
531 846 645 905 mensis
660 846 755 905 habet
770 847 888 906 Annius
902 845 1075 905 ministros:

454 931 686 990 Transcurrunt
703 931 830 1007 gabatae
844 928 1010 1008 volantque
1024 925 1141 991 lances.
1156 936 1158 941 '

452 1014 516 1074 Has
531 1015 618 1074 vobis
634 1010 741 1093 epulas
755 1013 885 1086 habete,
906 1010 1000 1073 lauti:

429 1099 514 1158 5Nos
532 1098 718 1158 offendimur
733 1097 908 1157 ambulante
923 1114 1007 1158 cena.

836 1258 941 1320 XLIX.

449 1373 548 1432 Parva
563 1372 729 1432 suburbani
744 1369 924 1432 munuscula
938 1371 1086 1431 mittimus
1101 1371 1205 1432 horti:

492 1457 646 1517 Faucibus
662 1475 716 1515 ova
730 1457 809 1535 tuis,
830 1475 936 1536 poma,
958 1455 1091 1536 Severe,
1113 1453 1217 1534 gulae.

872 1620 907 1680 L.

451 1730 536 1792 Fons
552 1728 709 1808 dominae,
731 1732 839 1810 regina
854 1731 932 1810 loci,
955 1751 1014 1811 quc
1031 1731 1145 1809 gaudet
1159 1732 1299 1809 Ianthis,

494 1813 603 1874 Gloria
616 1815 799 1894 conspicuae
815 1814 1022 1895 delicimnque
1039 1813 1163 1895 domus,

452 1899 528 1960 Cum
544 1906 595 1958 tua
608 1905 657 1959 tot
671 1901 769 1959 niveis
785 1905 915 1960 ornetur
930 1901 998 1979 ripa
1012 1900 1162 1961 ministris

493 1984 535 2042 Elt
549 1982 749 2062 Ganymedeo
764 1981 869 2043 luceat
882 1984 963 2043 nuda
978 1983 1090 2043 choro:

429 2066 534 2143 bQuid
548 2067 624 2127 facit
639 2066 768 2127 Alcides
785 2067 859 2128 silva
874 2073 1011 2128 sacratus
1025 2068 1057 2126 iu
1070 2068 1154 2126 ista?

491 2151 569 2210 Tam
583 2151 683 2213 vicina
695 2152 755 2211 tibi
770 2171 824 2212 cur
838 2157 927 2212 tenet
942 2156 1029 2211 antra
1045 2149 1145 2210 deus?
1258 2221 1263 2226 ,

448 2233 604 2314 Numquid
618 2233 825 2315 Nympharum
840 2242 930 2297 notos
945 2235 1088 2295 observat
1104 2254 1246 2314 amores,

491 2320 569 2379 'l'am
584 2317 673 2380 multi
686 2322 805 2401 pariter
818 2340 858 2382 ne
874 2321 1033 2403 rapiantur
1048 2317 1174 2398 Hylaei

864 2484 913 2545 Ll.

449 2596 587 2657 Mercari
600 2603 723 2658 nostras
738 2600 764 2658 si
779 2604 811 2658 te
826 2599 928 2679 piget,
949 2598 1083 2676 Urbice,
1102 2616 1199 2678 nugas

489 2681 532 2740 ut
543 2680 656 2741 lasciva
670 2687 773 2742 tamen
789 2683 921 2742 carmina
936 2700 1028 2741 nosse
1042 2677 1138 2761 libet,

447 2763 628 2843 Pompeium
643 2785 774 2843 quaeres
786 2799 830 2812 —
845 2772 878 2826 et
891 2765 974 2824 nosti
987 2765 1118 2825 forsitan
1136 2799 1172 2809 -
1189 2767 1345 2846 ductum

490 2847 611 2909 [illaria
624 2850 722 2928 prima
736 2850 848 2911 Martis
863 2851 896 2909 in
912 2847 988 2908 aede
1005 2848 1109 2909 sedet:

426 2932 519 2993 51urc
534 2931 661 2992 madeus
675 2934 821 3012 varioque
835 2939 927 3012 togae
941 2932 1065 2993 limatus
1080 2934 1113 2992 iu
1126 2941 1211 3013 usu,'

489 3016 558 3075 Non
572 3008 675 3077 le'otor
689 3036 774 3077 meus
789 3019 855 3096 hic,
877 3017 1010 3095 Urbicc,
1032 3013 1088 3077 sed
1101 3015 1185 3079 liber
1201 3025 1262 3083 est.

448 3100 499 3162 Sic
514 3106 602 3161 leuet
616 3102 760 3161 absentes
775 3108 900 3162 nostros
914 3106 1078 3180 cantatque
1093 3098 1240 3182 libellos,

488 3184 532 3245 Ut
545 3192 656 3265 pereat
670 3186 786 3246 chartis
800 3187 907 3247 littera
920 3183 1006 3247 nulla
1019 3187 1106 3250 meis.

445 3268 604 3348 lienique,
626 3270 653 3329 si
666 3267 778 3347 vellet,
799 3276 924 3349 poterat
939 3270 1100 3350 suscripise
1115 3268 1235 3346 videri;

405 3363 440 3417 10
488 3352 552 3413 Sed
565 3354 664 3414 famae
679 3354 793 3414 mavolt
806 3351 863 3414 ille
878 3355 983 3415 favere
997 3372 1094 3413 meae.
1257 3424 1260 3431 ³

446 3438 537 3497 Hunc
548 3436 625 3498 licet
639 3458 657 3497 a
672 3438 844 3498 decima-
853 3457 956 3518 neque
972 3440 1053 3498 euim
1064 3438 1139 3498 satis
1151 3443 1226 3499 aute
1236 3440 1356 3503 vacabit
1365 3466 1387 3481 -

489 3519 665 3600 Sollicites‚
687 3524 789 3602 capiet
803 3520 913 3583 cenula
926 3543 1020 3602 parva
1035 3521 1119 3581 dnos.

445 3602 503 3665 llle
517 3604 620 3684 leget,
641 3608 714 3667 bibe
729 3613 779 3666 tu:
801 3604 891 3667 uoles
904 3606 997 3686 licet,
1018 3604 1075 3666 illc
1090 3606 1230 3667 sonabit:

489 3689 531 3749 Et
546 3710 615 3751 cum
629 3690 713 3772 „lam
727 3692 802 3751 satis
817 3690 887 3751 est“
907 3691 1038 3770 dixeris,
1058 3688 1115 3750 ille
1128 3687 1227 3768 leget.

265 3863 395 4043 ἱ
