3434 4575
385 479 425 543 68
729 492 764 541 n.
787 493 858 540 run.
882 490 1069 540 mvnnnnm

386 633 437 696 llis
460 633 510 695 ille
535 634 668 695 adversis
692 636 808 713 genitus
831 634 950 713 latoque
974 633 1103 708 sinistro,

385 718 478 793 Quem
500 728 584 798 pater
608 719 736 780 ardentis
759 736 872 779 massae
893 717 1015 796 iuligine
1036 717 1131 797 lippus
1323 731 1373 785 130

385 803 411 863 A
434 802 562 864 carbone
584 812 613 863 et
636 803 796 882 forcipibus
818 802 991 881 gladiosque
1014 813 1135 880 parante

386 887 491 948 incude
516 897 545 948 et
569 888 650 949 luteo
670 887 803 949 Vulcano
826 886 862 947 ad
888 884 1006 946 rhetora
1029 888 1114 947 misit.

425 971 573 1033 Bellorum
595 973 735 1049 exuviae,
758 973 865 1032 truncis
889 970 976 1031 affixa
999 973 1128 1050 tropaeis

386 1057 487 1116 horico
510 1066 540 1117 et
563 1058 655 1118 fracta
677 1057 713 1117 de
736 1055 851 1117 casside
875 1055 998 1116 buccula
1022 1058 1152 1134 pendens

386 1141 421 1202 Et
444 1150 553 1202 curtum
575 1149 691 1202 temone
713 1143 808 1219 iugum
829 1141 985 1220 victaeque
1007 1142 1131 1200 triremis
1325 1154 1371 1206 135

385 1226 523 1305 Aplustre
548 1235 577 1286 et
598 1243 708 1286 summo
730 1227 820 1285 tristis
843 1226 975 1304 captivus
998 1226 1026 1283 in
1049 1243 1116 1284 arcu

384 1310 516 1370 Humanis
537 1310 646 1370 maiora
669 1309 753 1370 honis
776 1310 941 1370 creduntur.
978 1308 1023 1368 Ad
1047 1310 1104 1370 hoc
1130 1328 1162 1369 se

385 1395 529 1455 Romanus
554 1392 714 1474 Graiusque
738 1403 768 1454 et
791 1393 932 1455 barbarus
955 1394 1144 1472 induperator

384 1479 496 1539 Erexit:
521 1496 625 1539 causas
648 1479 820 1540 discriminis
845 1488 932 1556 atque
955 1477 1065 1538 laboris

383 1563 451 1623 lude
474 1562 580 1624 hahuit.
618 1561 711 1623 Tanto
733 1564 825 1623 maior
849 1563 944 1623 lamae
968 1563 1031 1622 sitis
1055 1572 1118 1639 est,
1141 1580 1225 1642 quarn
1322 1576 1374 1629 140.

382 1649 510 1707 Virtutis.
546 1646 617 1720 Quis
639 1648 714 1708 enim
736 1649 871 1707 virtutem
893 1646 1077 1727 amplectitur
1099 1649 1201 1725 ipsam,

361 1745 363 1748 ’
383 1732 510 1792 Praemia
532 1733 556 1792 si
577 1728 686 1794 tollas?
710 1733 830 1810 patriam
854 1741 950 1792 tamen
973 1731 1069 1791 obruit
1098 1731 1165 1792 olim

383 1816 480 1877 Gloria
504 1833 661 1895 paucorum
683 1826 712 1876 et
737 1816 830 1878 laudis
851 1817 983 1895 titulique
1009 1817 1114 1895 cupido

383 1900 503 1961 llaesuri
524 1902 603 1961 saxis
627 1903 755 1962 cinerum
780 1900 965 1974 custodibus,
993 1901 1028 1960 ad
1052 1920 1127 1980 quae

383 1985 568 2046 Discutienda
590 1986 688 2046 valent
712 1987 820 2046 sterilis
844 1986 917 2045 mala
945 1985 1051 2044 robora
1075 1986 1132 2061 lici,
1321 2000 1367 2052 145

382 2068 620 2149 Quandoquidem
646 2070 712 2132 data
734 2079 799 2129 sunt
823 2071 895 2148 ipsis
919 2087 1035 2148 quoque
1057 2069 1116 2129 iata
1142 2071 1295 2148 sepulcris.

383 2153 524 2232 llxpende
546 2154 750 2215 Hannibalern:
777 2162 848 2233 quot
869 2152 959 2212 libras
981 2154 1008 2211 in
1032 2153 1107 2212 duce
1130 2173 1239 2213 summo

382 2234 536 2298 invenies?
563 2237 610 2299 hic
634 2246 694 2314 est,
717 2254 803 2318 quem
826 2254 884 2297 non
910 2238 987 2316 capit
1009 2235 1109 2299 Africa
1131 2235 1232 2300 llnuro

382 2322 522 2382 Percussa
546 2321 663 2382 Oceano
687 2321 813 2400 Niloque
838 2322 952 2382 admota
976 2324 1097 2401 tepenti,

382 2406 489 2466 Rursus
515 2406 549 2465 ad
576 2406 751 2483 Aethiopum
774 2406 901 2485 populos
924 2406 1058 2485 altosque
1080 2407 1262 2488 elephantos.
1320 2425 1368 2473 tou

380 2490 502 2551 Additur
530 2492 658 2569 imperiis
680 2490 834 2569 Hispania,
858 2490 1038 2566 Pyrenaeum

379 2574 528 2641 Transiit:
553 2576 691 2654 opposuit
713 2583 813 2635 natura
834 2573 1000 2656 Alpemque
1023 2577 1192 2657 niuemque:

381 2659 494 2719 diducit
516 2660 657 2737 scopulos
681 2668 710 2719 et
731 2669 857 2720 montem
880 2663 984 2740 rumpit
1009 2671 1105 2721 aceto.

381 2743 435 2802 lam
462 2752 542 2803 tenet
563 2742 688 2811 ltaliam:
715 2754 811 2804 tamen
833 2743 907 2805 ultra
934 2763 1061 2825 pergere
1085 2745 1189 2805 tendit:

381 2828 499 2901 Actum,
524 2828 629 2906 inquit,
651 2827 719 2888 nihil
749 2838 811 2905 est,
833 2830 889 2889 nisi
911 2830 1010 2890 Poeno
1033 2829 1122 2889 milite
1146 2840 1245 2909 portos
1318 2846 1367 2896 155

379 2910 545 2989 Frangimus
570 2920 600 2971 et
623 2912 716 2972 media
739 2913 878 2974 vexillum
903 2931 980 2993 pono
1004 2914 1125 2974 Subura.

379 2993 401 3052 0
425 2995 519 3073 qualis
543 2995 635 3057 iacies
657 3006 687 3056 et
708 2997 786 3084 quali
812 2998 899 3076 digna
921 2998 1040 3073 tabella,

378 3079 469 3152 Quum
494 3078 614 3141 Gaetula
639 3081 742 3141 duce‘m
766 3092 897 3160 portaret
918 3082 1016 3143 hellus
1042 3082 1168 3143 luscum!

379 3162 479 3222 Exitus
503 3180 575 3241 ergo
598 3166 663 3243 quis
685 3161 751 3225 est?
777 3184 794 3224 o
816 3166 925 3244 gloria!
949 3167 1072 3227 vincitur
1094 3168 1169 3227 idern

377 3246 488 3326 Nempe
511 3257 540 3307 et
561 3249 588 3307 in
609 3248 725 3309 exilium
749 3268 896 3329 praeceps
918 3251 990 3328 fugit
1012 3262 1097 3330 atque
1116 3252 1156 3312 ihi
1179 3270 1298 3329 magnos
1318 3265 1365 3316 160

377 3331 580 3411 illinendusque
607 3332 699 3393 cliens
726 3335 810 3394 sedet
837 3336 873 3395 ad
894 3337 1040 3413 praetoria
1066 3338 1156 3414 regis,

377 3414 479 3477 Donec
501 3416 624 3494 Bithyno
649 3417 740 3479 libeat
763 3418 886 3497 vigilare
913 3428 1043 3495 tyranno.

377 3500 475 3560 Finem
496 3504 624 3578 animae,
651 3520 726 3581 quae
751 3521 800 3562 res
826 3503 963 3564 humanas
989 3504 1104 3565 miscuit
1125 3506 1204 3575 olirn,

377 3584 439 3643 Non
466 3584 574 3663 gladii,
597 3604 655 3647 uon
678 3605 747 3647 saxa
769 3586 890 3662 dabunt,
914 3606 970 3648 nec
992 3589 1067 3664 tela,
1097 3590 1149 3650 sed
1172 3590 1221 3650 ille

376 3667 535 3728 Cannarum
561 3671 669 3732 vindex
696 3682 725 3731 et
749 3672 819 3732 tanti
846 3673 992 3751 sanguinis
1015 3672 1092 3733 ultor
1315 3684 1363 3737 165

379 3752 512 3813 Annulus.
550 3753 562 3814 l
589 3755 709 3816 demens
732 3764 762 3816 ct
788 3773 893 3817 saevas
915 3775 999 3817 curre
1025 3776 1079 3836 per
1105 3758 1206 3837 Alpes⁴
