3434 4575
737 489 862 535 SATIRA
880 490 913 536 V.

336 635 386 694 llis
411 651 468 712 ego
492 643 630 693 centenas
650 634 740 692 ausim
767 632 931 711 deposcere
951 649 1053 710 voces,

336 718 391 794 Ut,
413 727 548 796 quantum
572 718 639 777 mibi
661 726 690 776 te
716 719 834 776 sinuoso
859 718 888 775 in
912 725 1032 796 pectore
1056 717 1114 793 lixi,

335 802 417 862 Voce
446 801 556 861 trabam
578 819 668 878 pura,
692 810 840 879 totumque
865 800 922 861 boc
941 800 1032 860 verba
1054 803 1212 880 resignent,

336 886 421 959 Quod
440 885 511 946 latet
533 903 637 945 arcana
659 901 716 944 non
742 884 904 945 enarrabile
927 885 1008 944 libra.

335 969 429 1042 Quum
454 971 574 1048 primum
597 969 701 1047 parido
725 978 824 1028 custos
845 969 913 1028 mibi
934 986 1061 1046 purpura
1084 972 1183 1047 cessit,
1284 983 1320 1038 ³0

334 1053 478 1132 Bullaque
499 1054 656 1112 succinctis
670 1051 790 1112 Laribus
813 1053 917 1113 donata
941 1052 1094 1131 pependit:

334 1136 428 1210 Quum
450 1136 547 1196 blandi
570 1138 691 1195 comites
713 1145 832 1215 totaque
854 1137 969 1214 impune
991 1136 1102 1196 Subura

333 1220 467 1281 Permisit
492 1221 636 1299 sparsisse
660 1220 764 1279 oculos
786 1223 841 1281 iam
864 1221 1000 1280 candidus
1025 1221 1126 1288 umbo;

335 1303 488 1382 Quumque
511 1307 566 1363 iter
590 1304 751 1381 ambiguum
776 1315 821 1363 est
847 1314 877 1363 et
897 1306 974 1364 ritae
995 1306 1111 1364 nescius
1136 1322 1218 1366 error

333 1386 461 1448 Deducit
483 1389 612 1466 trepidas
635 1405 748 1448 ramosa
771 1390 800 1447 in
823 1391 947 1466 compita
972 1397 1094 1465 mentes,
1284 1400 1318 1455 35

333 1470 381 1531 me
405 1471 455 1530 tibi
478 1474 633 1550 supposui:
659 1481 777 1531 teneros
799 1482 829 1532 tu
849 1474 973 1550 suscipis
997 1489 1086 1533 annos

335 1557 506 1631 Socratico,
531 1553 674 1630 cornute,
701 1558 777 1624 sinu;
802 1566 861 1616 tum
882 1556 985 1616 fallere
1010 1556 1116 1616 sollers

335 1638 479 1718 Apposita
501 1642 623 1699 intortos
647 1640 777 1699 extendit
798 1640 900 1718 regula
921 1657 1030 1714 mores,

334 1721 371 1781 m
394 1725 534 1800 premitur
559 1725 669 1783 ratione
693 1725 800 1784 animus
823 1726 957 1802 vincique
982 1723 1105 1799 laborat,

335 1806 542 1885 Artificemque
565 1817 614 1867 tuo
638 1808 715 1866 ducit
741 1807 792 1865 sub
814 1807 923 1885 pollice
945 1807 1063 1866 vultum.
1284 1818 1318 1872 40

334 1888 443 1950 'l'eoum
465 1894 569 1950 etenim
591 1890 697 1967 longos
720 1892 833 1950 memini
857 1907 1028 1949 consumere
1050 1892 1141 1967 soles,

333 1973 371 2032 Et
394 1984 489 2034 tecum
512 1977 619 2053 primas
643 1975 736 2052 epulis
759 1975 921 2053 decerpere
945 1983 1062 2034 noctes:

332 2057 425 2118 Unum
449 2076 521 2135 opus
545 2068 573 2117 et
593 2059 722 2137 requiem
745 2059 853 2137 pariter
877 2058 1051 2136 disponimus
1075 2058 1169 2136 ambo,

333 2141 430 2219 Atque
453 2143 618 2202 verecunda
640 2143 768 2202 laxamus
792 2144 869 2202 seria
891 2161 999 2202 mensa.

333 2224 397 2285 Non
420 2227 552 2305 equidem
575 2227 630 2286 hoc
660 2226 788 2303 dubites,
812 2227 958 2286 amborum
979 2227 1101 2287 loedere
1124 2235 1205 2289 certo
1282 2236 1317 2292 45

335 2307 507 2370 Consentire
530 2312 592 2370 dies
615 2320 645 2370 et
667 2312 701 2370 ab
724 2329 781 2371 uno
809 2312 907 2372 sidere
930 2313 1011 2371 duci:

332 2392 440 2454 Nostra
461 2394 509 2453 vel
532 2395 646 2473 aequali
669 2395 820 2473 suspendit
841 2405 973 2473 tempora
995 2394 1079 2454 Libra

332 2478 424 2538 Parca
450 2488 536 2538 tenax
557 2480 635 2553 veri,
660 2498 711 2537 seu
732 2489 796 2539 nata
820 2478 953 2539 fidelibus
979 2480 1050 2539 bora

333 2561 441 2622 Dividit
462 2563 490 2620 in
516 2561 651 2622 Geminos
677 2563 832 2623 concordia
853 2563 911 2622 iata
933 2563 1063 2637 duorum,

333 2647 543 2723 Saturnumque
570 2664 689 2722 gravem
710 2656 811 2706 nostro
833 2646 903 2706 love
926 2647 1081 2723 frangimus
1102 2666 1173 2707 una:
1281 2659 1315 2711 50

332 2727 441 2788 Nescio
463 2730 556 2807 quod,
581 2739 662 2790 certe
685 2741 729 2789 est
753 2731 829 2807 quod
850 2748 897 2789 me
919 2730 969 2789 tibi
991 2739 1134 2807 temperat
1157 2740 1271 2791 astrum.

374 2812 455 2872 Mille
480 2813 621 2873 bominum
645 2816 761 2892 species
785 2823 813 2873 et
837 2832 932 2872 rerum
954 2813 1082 2873 discolor
1103 2833 1188 2885 usus3

333 2895 419 2955 Velle
447 2916 527 2956 suum
551 2900 653 2975 cuique
677 2908 737 2973 est,
760 2917 815 2957 nec
841 2906 910 2956 voto
931 2900 1036 2957 vivitur
1058 2916 1125 2957 uno.

333 2978 479 3039 Mercibus
501 2981 549 3041 bic
570 2980 649 3041 ltalis
671 2991 758 3041 mutat
784 2981 836 3040 sub
860 2981 924 3040 sole
946 2983 1057 3041 recenti

333 3062 482 3140 Rugosum
504 3067 589 3142 piper
611 3076 639 3124 et
661 3065 797 3143 pallentis
818 3083 908 3142 grana
931 3067 1043 3140 cumini,

333 3146 386 3205 Hic
410 3157 488 3207 satur
509 3149 617 3225 irriguo
640 3149 746 3208 mavult
768 3159 941 3225 turgescere
964 3167 1080 3216 somno:
1184 3149 1188 3156 ’

333 3230 387 3289 Hic
416 3249 517 3309 campo
543 3233 688 3309 indulget;
711 3233 785 3292 bunc
808 3232 872 3291 alea
896 3233 1047 3311 decoquit:
1071 3232 1120 3292 ille

333 3312 365 3373 ln
384 3313 528 3374 Venerem
548 3317 656 3393 putris;
682 3317 734 3376 sed
753 3335 837 3395 quum
857 3316 987 3393 lapidosa
1009 3316 1150 3392 cheragra

333 3395 470 3474 Fregerit
494 3399 649 3475 articulos,
673 3402 781 3459 veteris
804 3399 921 3460 ramalia
941 3401 1010 3477 lagi,

333 3479 414 3541 'lunc
438 3500 553 3543 crassos
575 3486 714 3543 transisse
738 3484 799 3543 dies
821 3484 973 3561 lucemque
995 3482 1152 3560 palustrem
1281 3490 1315 3545 bo

332 3563 369 3624 Et
395 3566 448 3624 sibi
471 3569 525 3627 iam
548 3569 607 3626 seri
629 3569 714 3628 vitam
737 3569 904 3645 ingemuere
928 3567 1067 3626 relictam.

333 3648 372 3708 m
393 3658 422 3708 te
444 3654 590 3710 nocturnis
610 3654 687 3711 iuvat
709 3651 914 3729 impallescere
938 3650 1059 3714 obartis;

306 3742 311 3750 '
333 3729 435 3792 Gultor
455 3736 528 3793 enim
550 3735 682 3794 iuvenum
705 3745 841 3812 purgatas
863 3735 967 3794 inseris
997 3751 1081 3793 aures
