3434 4575
441 464 481 529 88
766 480 803 531 n.
819 480 892 530 run.
909 479 1096 530 mvnnums

442 622 521 685 llaec
541 632 629 702 quota
651 641 720 703 pars
742 621 905 696 scelerum,
930 639 1004 701 quae
1024 629 1124 681 custos
1145 619 1273 682 Galllcus
1296 621 1375 682 urbis

442 707 539 786 Usque
562 727 578 768 a
599 708 742 783 lucifero,
766 707 861 767 donec
884 706 933 766 lux
956 707 1087 778 occidat,
1112 704 1210 767 audit?

441 789 559 854 Humani
582 792 701 870 generis
723 809 821 853 mores
844 790 895 851 tibi
918 806 1007 850 nosse
1031 790 1141 850 volenti

440 876 554 937 Sufficit
575 895 631 937 una
653 877 770 942 domus:
795 892 905 955 paucos
929 892 1067 935 consume
1091 874 1169 950 dies,
1198 885 1227 934 et
1380 886 1431 942 ιω

440 961 549 1021 Dicere
574 971 603 1022 te
626 963 778 1035 miserum,
804 970 957 1040 postquam
980 960 1059 1020 illinc
1080 961 1215 1034 veneris,
1241 959 1325 1020 aude.

441 1044 512 1119 Quis
534 1046 669 1106 tumidum
692 1054 789 1123 guttur
810 1045 928 1104 miratur
947 1046 976 1104 in
998 1041 1144 1122 Alpibus?
1168 1055 1215 1103 aut
1239 1046 1303 1121 quis

440 1128 471 1190 ln
495 1128 597 1190 lleroe
624 1147 724 1189 crasso
748 1131 885 1189 maiorem
907 1130 1015 1190 infante
1042 1125 1216 1189 mamillam?

441 1211 565 1275 Caerula
589 1216 653 1294 quis
677 1215 784 1292 stupuit
806 1213 939 1275 Germani
965 1214 1085 1288 lumina,
1110 1211 1212 1273 flavam

441 1296 608 1359 Caesarium
632 1307 661 1358 et
680 1297 794 1359 madido
817 1308 998 1378 torquentem
1023 1316 1131 1357 cornua
1154 1298 1255 1357 cirro?
1381 1311 1431 1364 165

441 1381 551 1459 Nempe
574 1393 651 1462 quon
675 1382 749 1443 haec
773 1383 830 1443 illis
852 1392 952 1443 natura
976 1391 1022 1443 est
1044 1381 1175 1442 omnibus
1198 1402 1261 1442 una.

441 1465 486 1526 Ad
507 1465 617 1527 subitas
641 1467 782 1526 Thracum
804 1466 942 1527 volucres
965 1468 1128 1546 nubemque
1152 1483 1286 1528 sonoram

441 1551 601 1628 Pygmaeus
625 1553 721 1630 parvis
745 1552 833 1613 currit
855 1550 1032 1613 bellatoria
1057 1552 1153 1626 armis,

442 1633 507 1693 llox
530 1636 622 1714 impar
644 1636 721 1696 boeti
741 1644 901 1716 raptusque
926 1655 980 1716 per
1000 1653 1069 1697 aera
1095 1637 1191 1695 curvis

439 1718 588 1796 Unguibus
611 1740 626 1782 a
650 1740 738 1783 saeva
760 1723 852 1783 fertur
872 1741 962 1800 grue:
988 1723 1013 1781 si
1035 1720 1135 1780 videas
1159 1720 1215 1781 boc
1379 1734 1428 1789 170

440 1801 578 1864 Gentibus
605 1808 632 1866 in
654 1808 779 1884 nostris,
803 1809 862 1866 risu
885 1809 1030 1886 quatiare;
1055 1806 1107 1865 sed
1132 1805 1201 1881 illic,

439 1886 618 1969 Quamquam
641 1890 741 1951 eadem
764 1891 881 1951 assidue
905 1900 1074 1970 spectentur
1098 1889 1227 1969 proelia,
1251 1892 1324 1951 ridel

440 1970 547 2048 Nemo,
571 1976 619 2035 ubi
642 1985 702 2035 tota
724 1975 831 2035 cobors
856 1976 933 2054 pede
955 1992 1012 2034 non
1035 1985 1079 2033 est
1102 1973 1188 2034 altior
1209 1992 1274 2035 uno.

482 2055 607 2119 Nullane
632 2061 740 2138 periuri
764 2061 868 2139 capitis
889 2060 1057 2138 irarrdisque
1081 2058 1224 2120 nefandae

440 2145 537 2202 Poena
559 2141 635 2204 erit?
648 2177 690 2191 -
708 2144 869 2221 Abreptum
894 2144 981 2204 crede
1005 2144 1080 2204 hunc
1097 2144 1235 2220 graviore
1255 2152 1357 2203 catena
1379 2152 1428 2209 175

440 2227 572 2287 Protinus
596 2236 626 2286 et
647 2236 748 2289 nostro
770 2228 854 2308 (quid
882 2228 946 2307 plus
970 2227 1041 2289 velit
1064 2224 1144 2307 irai)
1168 2230 1268 2289 necari

440 2311 584 2379 Arbitri03
607 2323 703 2373 manet
728 2312 776 2373 illa
800 2322 896 2372 tamen
913 2314 1037 2387 iactura,
1062 2329 1268 2393 necunquam

439 2396 610 2474 Depositum
633 2396 684 2457 tibi
705 2414 812 2476 sospes
834 2398 903 2472 erit,
930 2399 982 2459 sed
1009 2414 1136 2475 corpore
1158 2407 1260 2458 trunco

439 2480 583 2541 invidiosa
606 2480 685 2542 dabit
706 2482 836 2542 minimus
859 2483 964 2543 solatia
987 2483 1169 2559 sanguis.-

400 2598 404 2605 ·
441 2565 477 2623 At
497 2565 622 2624 vindicta
646 2565 752 2627 bonum
771 2567 830 2626 vita
853 2566 1005 2627 iucundius
1026 2567 1099 2644 ipsa.
1128 2603 1169 2613 -
1377 2577 1430 2632 180

440 2647 551 2728 Nempe
576 2648 633 2709 hoc
655 2650 781 2728 indocti,
806 2668 928 2730 quorum
951 2651 1124 2730 praecordia
1147 2652 1233 2711 nullis

440 2732 583 2794 luterdum
604 2742 653 2793 aut
675 2735 789 2796 levibus
811 2736 912 2797 videas
935 2735 1085 2813 flagrantia
1111 2736 1221 2797 causis.

440 2815 709 2898 Quantulacumque
731 2820 806 2881 adeo
829 2830 875 2880 est
897 2823 1033 2896 occasio,
1058 2820 1167 2881 suflicit
1189 2821 1259 2880 irae.
1338 2875 1340 2877 ,

440 2897 621 2981 Chrysippus
643 2922 700 2963 non
723 2903 802 2966 dicet
825 2906 901 2965 idem
925 2924 980 2964 nec
1002 2908 1068 2965 mite
1092 2904 1223 2966 'llraletis

441 2986 586 3063 lugenium
612 2986 747 3067 dulcique
770 3008 862 3064 senex
885 2990 996 3048 vicinus
1016 2990 1162 3066 llpmetto,
1380 3001 1430 3055 185

440 3069 496 3144 Qui
520 3081 631 3150 partem
656 3083 799 3152 acceptae
822 3091 910 3134 saeva
932 3075 1007 3133 inter
1031 3074 1125 3135 vincla
1148 3075 1261 3135 cicutae

439 3153 613 3216 Accusatori
637 3158 729 3218 nollet
751 3158 831 3219 dare.
859 3158 1001 3217 Plurima
1024 3158 1096 3219 ielix

439 3238 577 3301 Paulatim
599 3242 669 3301 vitia
692 3251 778 3321 atque
800 3260 919 3303 errores
942 3244 1022 3303 exuit
1045 3261 1156 3317 omnes,

439 3322 532 3384 Prima
555 3323 643 3387 docet
667 3336 778 3387 rectum
799 3329 955 3407 sapientia;
981 3329 1090 3408 quippe
1114 3330 1210 3386 minuti

439 3408 566 3487 Semper
587 3419 617 3470 et
636 3411 738 3471 infirmi
762 3421 808 3471 est
833 3413 917 3472 animi
943 3414 1099 3491 exiguique
1123 3412 1258 3491 voluptas
1380 3418 1431 3473 190

440 3490 532 3552 Ultio:
558 3495 693 3555 continuo
716 3497 760 3556 sic
781 3496 906 3573 collige,
932 3497 1009 3576 quod
1034 3496 1158 3556 vindicta

440 3573 531 3636 Nemo
554 3580 647 3656 magis
667 3579 793 3657 gaudet,
816 3599 901 3661 quam
924 3582 1039 3641 femina.
1086 3576 1145 3640 Cur
1166 3589 1261 3642 tamen
1285 3580 1340 3641 lros
1364 3588 1392 3639 tu

440 3658 579 3722 Evasisse
603 3673 703 3741 putes,
726 3681 801 3744 quos
824 3662 879 3724 diri
905 3666 1025 3726 conscia
1046 3665 1117 3725 lacti

442 3742 521 3803 llens
546 3746 633 3806 habet
654 3750 792 3809 attonitos
814 3759 845 3808 et
864 3748 952 3809 surdo
975 3747 1102 3809 verbere
1125 3750 1222 3810 caedit
