3434 4575
710 479 918 527 PRAEFATIO.
1274 480 1311 528 [x

328 654 453 715 quorum
468 635 600 693 omnium
619 654 686 693 eam
696 635 899 696 conditionem
906 643 998 714 atque
1012 634 1145 694 indolem
1152 635 1247 695 fuisse
1256 656 1307 716 ap-

326 727 421 798 paret,
429 727 463 776 ut
473 717 817 778 illorumconsuetndine
829 739 944 779 morum
952 720 1018 796 ejus
1027 718 1140 778 candor
1147 719 1235 779 simul
1243 740 1311 780 cum

326 802 434 861 mentis
445 802 583 860 acumine
591 802 733 877 aleretur,
740 812 908 882 temporum
917 811 1018 862 autem
1025 802 1235 882 depravationi
1242 823 1310 863 eum

327 905 363 945 eo
370 885 557 944 infestiorem
564 884 652 944 reddi
662 906 789 947 necesse
798 896 889 960 esset,
897 904 955 967 quo
962 887 1311 967 rariorahaecexempla

326 970 358 1028 in
371 977 458 1027 tanta
479 969 628 1028 scelerum
643 971 738 1029 omnis
753 972 875 1048 generis
891 971 1046 1030 fertilitate
1062 968 1102 1027 ad
1124 989 1191 1030 eam
1208 971 1309 1050 perfe-

327 1062 393 1112 ctae
407 1061 437 1111 et
446 1052 603 1112 absolutae
615 1053 735 1113 virtutis
746 1055 909 1133 imaginem
920 1052 1067 1113 accedere
1082 1053 1210 1128 videret,
1219 1075 1310 1135 quam

327 1155 367 1197 ex
384 1135 488 1196 Stoica
509 1135 669 1215 disciplina
683 1138 867 1215 imbibisset;
890 1158 988 1218 eoque
1008 1138 1072 1196 solo
1094 1147 1184 1216 pacto
1209 1139 1308 1217 expli-

326 1228 427 1293 catur,
444 1220 593 1300 quomodo
610 1219 787 1281 adolescens
798 1223 865 1299 jam
880 1222 919 1281 ad
939 1230 1056 1281 tantum
1074 1222 1157 1280 vitae
1180 1241 1307 1281 commu·

325 1305 372 1364 nis
394 1303 547 1363 fastidium
561 1306 722 1383 pervenire
737 1308 885 1384 potuerit,
905 1315 939 1365 nt
954 1303 1106 1386 poeticam
1122 1305 1308 1380 facultatem,

326 1408 406 1468 quae
423 1389 536 1467 inipso
555 1397 644 1462 esset,
661 1388 701 1447 ad
716 1391 824 1449 satiras
838 1391 1026 1469 potissimum
1041 1388 1232 1463 scribendas,
1250 1390 1309 1449 hoc

326 1481 373 1531 est
387 1471 427 1530 ad
441 1471 518 1530 illud
536 1473 639 1551 poesis
661 1492 757 1550 genus
780 1475 920 1534 conferre
940 1474 1049 1546 vellet,
1071 1472 1166 1554 quod,
1187 1482 1221 1532 ut
1243 1473 1309 1552 ipse

324 1554 491 1635 profitetur,
508 1555 724 1633 indignationis
741 1558 928 1617 evomendas
943 1559 1038 1636 magis
1055 1577 1144 1638 quam
1161 1558 1308 1617 lectorum

326 1638 556 1698 alliciendorum
578 1660 670 1700 causa
693 1652 912 1720 capesseretur.
964 1642 1035 1720 Ipse
1058 1642 1153 1714 enim,
1177 1643 1203 1700 si
1224 1641 1308 1701 vitae

325 1723 501 1801 scriptorem
515 1725 681 1804 sequimur,
697 1726 752 1798 fuit
769 1746 874 1784 merum
896 1730 1108 1797 hausteriorem,
1130 1729 1310 1784 vuecundiue

324 1811 474 1881 sirpiculis,
490 1810 601 1881 formae
612 1811 763 1884 pulchrae,
775 1815 886 1883 pietatis
899 1828 966 1883 erpa
981 1817 1095 1866 matrem
1109 1817 1135 1867 et
1147 1827 1268 1867 sororem
1284 1815 1310 1866 el

326 1895 440 1948 emitum
458 1895 584 1965 exemplo
604 1896 779 1967 sufficientis,
802 1892 884 1952 idem
898 1896 977 1968 [rupi
995 1901 1022 1950 et
1038 1896 1169 1965 pudicus;
1189 1889 1241 1972 qui
1257 1891 1310 1951 ubi

325 1980 402 2032 circu
418 1977 471 2034 HS
482 1980 563 2034 uicies
577 1981 662 2034 matri
675 1986 702 2034 el
714 1982 806 2035 sorori
819 1981 940 2052 reliquit,
954 1981 1065 2050 scriptis
1077 1984 1179 2034 tuntum
1196 1979 1234 2033 ud
1249 1996 1309 2034 mu·

326 2069 395 2120 trem
414 2063 543 2118 codicillis
564 2063 682 2119 Cornuto
702 2067 807 2135 ropuuil
825 2070 856 2118 ut
876 2065 956 2118 duret
977 2064 1117 2130 sestertia,
1139 2068 1170 2117 ut
1188 2063 1308 2133 quidum,

325 2151 440 2212 centum,
449 2153 479 2202 ut
488 2149 537 2201 ulii
547 2148 646 2214 velunt,
655 2151 763 2218 arpenti
773 2147 845 2219 sacti
851 2149 978 2219 pondera
987 2149 1084 2220 vtpinti,
1096 2152 1122 2201 et
1135 2146 1217 2201 lihros
1231 2149 1309 2201 circa

314 2231 505 2302 septinpentes
529 2229 677 2303 Chrysippi
692 2238 792 2289 —tot
813 2230 894 2289 enim
912 2226 994 2287 huno
1018 2247 1128 2289 revera
1150 2228 1308 2307 scripsisse

324 2320 454 2370 testatur
473 2313 563 2371 etiam
579 2313 671 2390 Diog.
687 2314 724 2371 L.
742 2315 813 2373 VH.
833 2311 891 2373 180
907 2347 948 2357 -
963 2319 1018 2372 siue
1032 2315 1215 2371 bibliothecam
1229 2330 1308 2371 suum

324 2413 445 2459 omuem;
461 2414 555 2454 uerum
574 2417 591 2451 u
615 2399 731 2455 Cornuto
756 2402 868 2456 sublatis
885 2402 961 2456 libris
975 2402 1137 2472 pecuniam,
1158 2400 1307 2469 sorerrhus,

324 2497 395 2553 quus
410 2482 505 2553 frater
517 2484 632 2538 heredes
644 2484 767 2554 fecerat,
781 2486 896 2555 reliquit.
926 2481 974 2540 Ita
990 2481 1119 2554 codices,
1137 2500 1262 2561 quorum
1275 2481 1308 2538 in

324 2563 456 2621 lectione
477 2564 503 2621 si
525 2562 598 2644 quid
619 2564 757 2638 offendit,
773 2566 936 2645 'scriptoris
954 2566 1159 2643 negligentiae
1174 2564 1306 2623 tribuen-

326 2645 397 2705 dum
420 2666 485 2705 esse
507 2648 642 2723 videtur3
666 2668 746 2707 nunc
765 2647 883 2708 demum
903 2648 986 2707 haud
1000 2650 1063 2707 scio
1082 2668 1122 2707 an
1142 2648 1305 2708 sententia-

324 2750 392 2790 rum
409 2729 481 2788 ordo
503 2734 644 2812 antiquus
663 2731 800 2791 turbatus
819 2734 872 2805 sit,
894 2753 994 2813 neque
1015 2733 1114 2791 statim
1135 2731 1175 2791 ad
1195 2732 1308 2811 scripta

325 2815 425 2873 Persii
451 2817 603 2874 transilire
627 2815 683 2875 sed
704 2818 746 2873 ita
769 2817 854 2875 velut
878 2818 1036 2875 transitum
1055 2817 1171 2875 munire
1195 2814 1305 2875 debea-

325 2918 406 2970 mus,
420 2906 454 2956 nt
476 2919 554 2979 quae
576 2901 668 2978 vulgo
692 2901 723 2959 in
740 2899 800 2959 fine
823 2898 942 2959 demum
963 2901 1116 2977 leguntur,
1132 2900 1192 2959 huc
1209 2907 1305 2958 trans·

329 2982 473 3041 feramus:
490 2987 604 3042 decurii
617 2992 707 3042 eutem
723 2988 782 3041 uitio
802 2987 936 3042 stomachi
954 3004 1027 3043 unno
1049 2989 1144 3042 uetuti’s
1165 2988 1307 3056 tricesimo,

325 3066 464 3126 nimirum
485 3088 525 3127 ex
553 3076 656 3128 vetere
684 3067 876 3146 computandi
903 3088 1000 3140 more,
1028 3088 1087 3149 quo
1117 3087 1307 3127 numerorum

325 3151 446 3209 termini
483 3153 633 3232 utrimque
673 3161 816 3231 tanquam
855 3154 966 3230 integri
1005 3149 1306 3232 comprehenduntur,

324 3233 384 3294 nisi
398 3235 475 3294 haec
498 3256 619 3317 quoque
645 3235 832 3296 emendando
848 3236 888 3295 ad
904 3237 1121 3295 accuratiorem
1141 3253 1306 3307 numerum,

327 3337 418 3396 quem
432 3339 524 3398 supra
538 3322 641 3399 posui,
657 3340 802 3379 revocare
818 3328 963 3399 praestat.
994 3318 1208 3378 Adolescentis
1225 3326 1306 3376 certe

326 3411 452 3462 mortem
488 3403 618 3463 describi
646 3405 807 3484 sequentia
838 3403 962 3477 docent,
994 3403 1046 3461 ubi
1079 3402 1305 3480 grammaticus:

324 3490 389 3557 sed,
404 3488 516 3567 inquit,
532 3508 598 3547 mox
617 3498 682 3546 utu
703 3491 796 3546 schola
819 3497 846 3546 et
865 3492 1001 3561 mapuhis
1018 3490 1137 3557 divertit,
1154 3489 1220 3543 lecto
1239 3488 1307 3544 libro

324 3571 424 3629 Iauilii
443 3576 544 3631 decimo
558 3576 727 3631 uehementer
746 3577 849 3630 sethus
868 3588 1031 3645 componere
1044 3573 1157 3627 studuit:
1176 3574 1259 3645 crpus
1273 3574 1305 3627 li-

324 3656 547 3731 hriprincipium
561 3662 679 3715 imitatus
693 3666 789 3714 est-
805 3656 934 3714 fortasse
956 3656 987 3712 in
1006 3653 1101 3732 ipsius
1116 3654 1228 3713 satirae
1244 3654 1305 3733 pri-

324 3757 394 3797 mae
409 3740 543 3814 exordio,
560 3742 617 3801 etsi
631 3741 716 3799 illum
729 3760 851 3799 versum
863 3738 1034 3798 Scholiasta
1050 3737 1088 3797 de
1103 3738 1197 3817 primo
1206 3737 1306 3817 potius

324 3822 438 3883 Lucilii
458 3825 637 3884 translatum
657 3844 724 3883 esse
744 3823 898 3883 tradit-
919 3826 1087 3898 sibiprimo,
1104 3842 1170 3881 mox
1186 3824 1307 3881 omuibus
