<?xml version="1.0" encoding="UTF-8"?>
<!DOCTYPE html PUBLIC "-//W3C//DTD XHTML 1.0 Transitional//EN"
    "http://www.w3.org/TR/xhtml1/DTD/xhtml1-transitional.dtd">
<html xmlns="http://www.w3.org/1999/xhtml" xml:lang="en" lang="en">
 <head>
  <title>
</title>
<meta http-equiv="Content-Type" content="text/html;charset=utf-8" />
  <meta name='ocr-system' content='tesseract 3.04.00' />
  <meta name='ocr-capabilities' content='ocr_page ocr_carea ocr_par ocr_line ocrx_word'/>
</head>
<body>
  <div class='ocr_page' id='page_1' title='image "./satirarumlibriq00juvegoog_0386.png"; bbox 0 0 3434 4575; ppageno 0'>
   <div class='ocr_carea' id='block_1_1' title="bbox 358 317 1084 382">
    <p class='ocr_par' dir='ltr' id='par_1_1' title="bbox 358 317 1084 382">
     <span class='ocr_line' id='line_1_1' title="bbox 358 317 1084 382; baseline -0.003 0"><span class='ocrx_word' id='word_1_1' title='bbox 358 318 421 382; x_wconf 80' lang='lat'><strong>180</strong></span> <span class='ocrx_word' id='word_1_2' title='bbox 685 317 729 379; x_wconf 77' lang='lat' dir='ltr'><strong>M.</strong></span> <span class='ocrx_word' id='word_1_3' title='bbox 745 319 836 379; x_wconf 82' lang='lat' dir='ltr'><strong>VAL.</strong></span> <span class='ocrx_word' id='word_1_4' title='bbox 855 318 1084 380; x_wconf 67' lang='lat' dir='ltr'><strong>Minimus</strong></span> 
     </span>
    </p>
   </div>
   <div class='ocr_carea' id='block_1_2' title="bbox 445 521 1150 715">
    <p class='ocr_par' dir='ltr' id='par_1_2' title="bbox 445 521 1150 715">
     <span class='ocr_line' id='line_1_2' title="bbox 842 521 923 582; baseline -0.037 0"><span class='ocrx_word' id='word_1_5' title='bbox 842 521 923 582; x_wconf 80' lang='lat' dir='ltr'><strong>xlx.</strong></span> 
     </span>
     <span class='ocr_line' id='line_1_3' title="bbox 445 631 1150 715; baseline 0.004 -22"><span class='ocrx_word' id='word_1_6' title='bbox 445 633 567 713; x_wconf 79' lang='lat' dir='ltr'>Pauper</span> <span class='ocrx_word' id='word_1_7' title='bbox 580 631 681 693; x_wconf 87' lang='lat' dir='ltr'><strong>videri</strong></span> <span class='ocrx_word' id='word_1_8' title='bbox 697 634 796 694; x_wconf 82' lang='lat' dir='ltr'><strong>Cinna</strong></span> <span class='ocrx_word' id='word_1_9' title='bbox 810 633 891 707; x_wconf 82' lang='lat' dir='ltr'><strong>volt3</strong></span> <span class='ocrx_word' id='word_1_10' title='bbox 911 641 944 694; x_wconf 85' lang='lat' dir='ltr'><strong>et</strong></span> <span class='ocrx_word' id='word_1_11' title='bbox 957 641 1007 694; x_wconf 81' lang='lat' dir='ltr'><strong>ert</strong></span> <span class='ocrx_word' id='word_1_12' title='bbox 1018 652 1150 715; x_wconf 80' lang='lat' dir='ltr'><strong>pauper.</strong></span> 
     </span>
    </p>
   </div>
   <div class='ocr_carea' id='block_1_3' title="bbox 847 768 916 833">
    <p class='ocr_par' dir='ltr' id='par_1_3' title="bbox 847 768 916 833">
     <span class='ocr_line' id='line_1_4' title="bbox 847 768 916 833; baseline 0.014 -4"><span class='ocrx_word' id='word_1_13' title='bbox 847 768 916 833; x_wconf 87' lang='lat' dir='ltr'><strong>XX.</strong></span> 
     </span>
    </p>
   </div>
   <div class='ocr_carea' id='block_1_4' title="bbox 444 865 1267 1032">
    <p class='ocr_par' dir='ltr' id='par_1_4' title="bbox 444 865 1267 1032">
     <span class='ocr_line' id='line_1_5' title="bbox 444 865 1189 946; baseline 0 -18"><span class='ocrx_word' id='word_1_14' title='bbox 444 868 522 928; x_wconf 83' lang='lat' dir='ltr'><strong>Gum</strong></span> <span class='ocrx_word' id='word_1_15' title='bbox 536 867 631 927; x_wconf 82' lang='lat' dir='ltr'><strong>faciae</strong></span> <span class='ocrx_word' id='word_1_16' title='bbox 645 885 754 928; x_wconf 81' lang='lat' dir='ltr'><strong>veraua</strong></span> <span class='ocrx_word' id='word_1_17' title='bbox 767 866 853 928; x_wconf 89' lang='lat' dir='ltr'><strong>nulla</strong></span> <span class='ocrx_word' id='word_1_18' title='bbox 869 887 932 928; x_wconf 88' lang='lat' dir='ltr'><strong>nou</strong></span> <span class='ocrx_word' id='word_1_19' title='bbox 946 866 1016 928; x_wconf 89' lang='lat' dir='ltr'><strong>luce</strong></span> <span class='ocrx_word' id='word_1_20' title='bbox 1032 865 1189 946; x_wconf 75' lang='lat' dir='ltr'><strong>(lucem,</strong></span> 
     </span>
     <span class='ocr_line' id='line_1_6' title="bbox 485 950 1267 1032; baseline 0.001 -19"><span class='ocrx_word' id='word_1_21' title='bbox 485 951 585 1030; x_wconf 82' lang='lat' dir='ltr'><strong>Varo,</strong></span> <span class='ocrx_word' id='word_1_22' title='bbox 606 950 684 1011; x_wconf 86' lang='lat' dir='ltr'><strong>nihil</strong></span> <span class='ocrx_word' id='word_1_23' title='bbox 697 951 822 1014; x_wconf 75' lang='lat' dir='ltr'><strong>recitas.</strong></span> <span class='ocrx_word' id='word_1_24' title='bbox 853 952 922 1012; x_wconf 88' lang='lat' dir='ltr'><strong>Nou</strong></span> <span class='ocrx_word' id='word_1_25' title='bbox 938 952 1036 1032; x_wconf 76' lang='lat' dir='ltr'><strong>capia,</strong></span> <span class='ocrx_word' id='word_1_26' title='bbox 1058 957 1154 1030; x_wconf 81' lang='lat' dir='ltr'><strong>atque</strong></span> <span class='ocrx_word' id='word_1_27' title='bbox 1168 951 1267 1032; x_wconf 70' lang='lat' dir='ltr'><strong>capit.</strong></span> 
     </span>
    </p>
   </div>
   <div class='ocr_carea' id='block_1_5' title="bbox 840 1084 922 1146">
    <p class='ocr_par' dir='ltr' id='par_1_5' title="bbox 840 1084 922 1146">
     <span class='ocr_line' id='line_1_7' title="bbox 840 1084 922 1146; baseline 0.012 -1"><span class='ocrx_word' id='word_1_28' title='bbox 840 1084 922 1146; x_wconf 83' lang='lat' dir='ltr'>XXI.</span> 
     </span>
    </p>
   </div>
   <div class='ocr_carea' id='block_1_6' title="bbox 311 1178 1386 2187">
    <p class='ocr_par' dir='ltr' id='par_1_6' title="bbox 311 1178 1386 2187">
     <span class='ocr_line' id='line_1_8' title="bbox 442 1178 1386 1264; baseline 0.002 -20"><span class='ocrx_word' id='word_1_29' title='bbox 442 1184 644 1264; x_wconf 71' lang='lat' dir='ltr'><strong>Phosphoro,</strong></span> <span class='ocrx_word' id='word_1_30' title='bbox 665 1181 764 1242; x_wconf 80' lang='lat' dir='ltr'><strong>redde</strong></span> <span class='ocrx_word' id='word_1_31' title='bbox 779 1182 877 1243; x_wconf 81' lang='lat' dir='ltr'><strong>diem:</strong></span> <span class='ocrx_word' id='word_1_32' title='bbox 901 1180 976 1262; x_wconf 83' lang='lat' dir='ltr'><strong>quid</strong></span> <span class='ocrx_word' id='word_1_33' title='bbox 988 1178 1099 1260; x_wconf 78' lang='lat' dir='ltr'><strong>gaudia</strong></span> <span class='ocrx_word' id='word_1_34' title='bbox 1111 1188 1224 1246; x_wconf 83' lang='lat' dir='ltr'><strong>uoetra</strong></span> <span class='ocrx_word' id='word_1_35' title='bbox 1237 1187 1386 1248; x_wconf 82' lang='lat' dir='ltr'><strong>morariai</strong></span> 
     </span>
     <span class='ocr_line' id='line_1_9' title="bbox 486 1263 1240 1348; baseline 0.004 -19"><span class='ocrx_word' id='word_1_36' title='bbox 486 1269 621 1329; x_wconf 76' lang='lat' dir='ltr'><strong>caesare</strong></span> <span class='ocrx_word' id='word_1_37' title='bbox 635 1272 783 1345; x_wconf 84' lang='lat' dir='ltr'><strong>venturo,</strong></span> <span class='ocrx_word' id='word_1_38' title='bbox 806 1267 1007 1348; x_wconf 74' lang='lat' dir='ltr'><strong>Phosphoro,</strong></span> <span class='ocrx_word' id='word_1_39' title='bbox 1027 1263 1127 1325; x_wconf 85' lang='lat' dir='ltr'><strong>redde</strong></span> <span class='ocrx_word' id='word_1_40' title='bbox 1142 1263 1240 1332; x_wconf 83' lang='lat' dir='ltr'><strong>diem.</strong></span> 
     </span>
     <span class='ocr_line' id='line_1_10' title="bbox 443 1349 1252 1430; baseline 0.005 -18"><span class='ocrx_word' id='word_1_41' title='bbox 443 1352 539 1412; x_wconf 85' lang='lat' dir='ltr'><strong>Roma</strong></span> <span class='ocrx_word' id='word_1_42' title='bbox 552 1358 650 1429; x_wconf 83' lang='lat' dir='ltr'><strong>rogat.</strong></span> <span class='ocrx_word' id='word_1_43' title='bbox 680 1349 800 1411; x_wconf 78' lang='lat' dir='ltr'><strong>Placidi</strong></span> <span class='ocrx_word' id='word_1_44' title='bbox 814 1349 964 1430; x_wconf 85' lang='lat' dir='ltr'><strong>numquid</strong></span> <span class='ocrx_word' id='word_1_45' title='bbox 976 1355 1009 1409; x_wconf 86' lang='lat' dir='ltr'><strong>te</strong></span> <span class='ocrx_word' id='word_1_46' title='bbox 1023 1349 1114 1429; x_wconf 81' lang='lat' dir='ltr'><strong>pigra</strong></span> <span class='ocrx_word' id='word_1_47' title='bbox 1126 1349 1252 1415; x_wconf 84' lang='lat' dir='ltr'><strong>Bootae</strong></span> 
     </span>
     <span class='ocr_line' id='line_1_11' title="bbox 485 1432 1288 1514; baseline 0.006 -19"><span class='ocrx_word' id='word_1_48' title='bbox 485 1434 628 1495; x_wconf 75' lang='lat' dir='ltr'><strong>Plaustra</strong></span> <span class='ocrx_word' id='word_1_49' title='bbox 641 1435 773 1513; x_wconf 85' lang='lat' dir='ltr'><strong>vehunt,</strong></span> <span class='ocrx_word' id='word_1_50' title='bbox 793 1433 882 1495; x_wconf 88' lang='lat' dir='ltr'><strong>leuto</strong></span> <span class='ocrx_word' id='word_1_51' title='bbox 897 1432 981 1514; x_wconf 87' lang='lat' dir='ltr'><strong>quod</strong></span> <span class='ocrx_word' id='word_1_52' title='bbox 993 1434 1084 1494; x_wconf 78' lang='lat' dir='ltr'><strong>nimie</strong></span> <span class='ocrx_word' id='word_1_53' title='bbox 1100 1452 1157 1494; x_wconf 82' lang='lat' dir='ltr'><strong>axe</strong></span> <span class='ocrx_word' id='word_1_54' title='bbox 1171 1439 1288 1499; x_wconf 69' lang='lat' dir='ltr'><strong>venie?</strong></span> 
     </span>
     <span class='ocr_line' id='line_1_12' title="bbox 311 1517 1158 1599; baseline -0.006 -16"><span class='ocrx_word' id='word_1_55' title='bbox 311 1517 315 1524; x_wconf 78' lang='grc'><strong>’</strong></span> <span class='ocrx_word' id='word_1_56' title='bbox 421 1518 567 1583; x_wconf 82' lang='lat' dir='ltr'><strong>5Ledaeo</strong></span> <span class='ocrx_word' id='word_1_57' title='bbox 582 1524 709 1599; x_wconf 79' lang='lat' dir='ltr'><strong>poterae</strong></span> <span class='ocrx_word' id='word_1_58' title='bbox 724 1518 879 1580; x_wconf 86' lang='lat' dir='ltr'><strong>abducere</strong></span> <span class='ocrx_word' id='word_1_59' title='bbox 894 1517 1042 1598; x_wconf 74' lang='lat' dir='ltr'><strong>Cyllaron</strong></span> <span class='ocrx_word' id='word_1_60' title='bbox 1056 1523 1158 1578; x_wconf 76' lang='lat' dir='ltr'><strong>aetroz</strong></span> 
     </span>
     <span class='ocr_line' id='line_1_13' title="bbox 485 1603 1137 1684; baseline -0.005 -20"><span class='ocrx_word' id='word_1_61' title='bbox 485 1604 556 1684; x_wconf 78' lang='lat' dir='ltr'><strong>lpse</strong></span> <span class='ocrx_word' id='word_1_62' title='bbox 572 1623 626 1663; x_wconf 81' lang='lat' dir='ltr'><strong>auo</strong></span> <span class='ocrx_word' id='word_1_63' title='bbox 643 1603 736 1664; x_wconf 85' lang='lat' dir='ltr'><strong>cedet</strong></span> <span class='ocrx_word' id='word_1_64' title='bbox 749 1623 831 1664; x_wconf 85' lang='lat' dir='ltr'><strong>nuuc</strong></span> <span class='ocrx_word' id='word_1_65' title='bbox 846 1603 905 1664; x_wconf 89' lang='lat' dir='ltr'><strong>tibi</strong></span> <span class='ocrx_word' id='word_1_66' title='bbox 920 1603 1032 1663; x_wconf 81' lang='lat' dir='ltr'><strong>Gaetor</strong></span> <span class='ocrx_word' id='word_1_67' title='bbox 1046 1621 1137 1680; x_wconf 87' lang='lat' dir='ltr'><strong>equo.</strong></span> 
     </span>
     <span class='ocr_line' id='line_1_14' title="bbox 445 1685 1378 1768; baseline -0.001 -21"><span class='ocrx_word' id='word_1_68' title='bbox 445 1688 526 1766; x_wconf 81' lang='lat' dir='ltr'><strong>Quid</strong></span> <span class='ocrx_word' id='word_1_69' title='bbox 543 1686 687 1768; x_wconf 85' lang='lat' dir='ltr'><strong>cupidum</strong></span> <span class='ocrx_word' id='word_1_70' title='bbox 703 1688 816 1748; x_wconf 83' lang='lat' dir='ltr'><strong>Titana</strong></span> <span class='ocrx_word' id='word_1_71' title='bbox 828 1687 944 1747; x_wconf 70' lang='lat' dir='ltr'><strong>tenco?</strong></span> <span class='ocrx_word' id='word_1_72' title='bbox 968 1686 1030 1747; x_wconf 88' lang='lat' dir='ltr'><strong>lam</strong></span> <span class='ocrx_word' id='word_1_73' title='bbox 1043 1685 1187 1747; x_wconf 74' lang='lat' dir='ltr'><strong>Xauilrue</strong></span> <span class='ocrx_word' id='word_1_74' title='bbox 1203 1695 1240 1747; x_wconf 79' lang='lat' dir='ltr'><strong>et</strong></span> <span class='ocrx_word' id='word_1_75' title='bbox 1253 1687 1378 1749; x_wconf 75' lang='lat' dir='ltr'><strong>Aethon</strong></span> 
     </span>
     <span class='ocr_line' id='line_1_15' title="bbox 484 1768 1286 1852; baseline 0.004 -20"><span class='ocrx_word' id='word_1_76' title='bbox 484 1772 589 1832; x_wconf 88' lang='lat' dir='ltr'><strong>Frena</strong></span> <span class='ocrx_word' id='word_1_77' title='bbox 601 1770 725 1850; x_wconf 85' lang='lat' dir='ltr'><strong>volunt,</strong></span> <span class='ocrx_word' id='word_1_78' title='bbox 747 1769 856 1850; x_wconf 77' lang='lat' dir='ltr'><strong>vigilat</strong></span> <span class='ocrx_word' id='word_1_79' title='bbox 870 1771 1047 1831; x_wconf 82' lang='lat' dir='ltr'><strong>Memnonia</strong></span> <span class='ocrx_word' id='word_1_80' title='bbox 1061 1768 1141 1830; x_wconf 84' lang='lat' dir='ltr'><strong>alma</strong></span> <span class='ocrx_word' id='word_1_81' title='bbox 1154 1789 1286 1852; x_wconf 81' lang='lat' dir='ltr'><strong>parem.</strong></span> 
     </span>
     <span class='ocr_line' id='line_1_16' title="bbox 445 1852 1207 1916; baseline -0.001 -1"><span class='ocrx_word' id='word_1_82' title='bbox 445 1855 549 1916; x_wconf 82' lang='lat' dir='ltr'><strong>Tarda</strong></span> <span class='ocrx_word' id='word_1_83' title='bbox 562 1863 667 1915; x_wconf 83' lang='lat' dir='ltr'><strong>tamen</strong></span> <span class='ocrx_word' id='word_1_84' title='bbox 680 1855 798 1915; x_wconf 79' lang='lat' dir='ltr'><strong>nitidae</strong></span> <span class='ocrx_word' id='word_1_85' title='bbox 812 1874 876 1914; x_wconf 88' lang='lat' dir='ltr'><strong>nou</strong></span> <span class='ocrx_word' id='word_1_86' title='bbox 890 1853 1006 1915; x_wconf 84' lang='lat' dir='ltr'><strong>cedunt</strong></span> <span class='ocrx_word' id='word_1_87' title='bbox 1019 1852 1126 1914; x_wconf 78' lang='lat' dir='ltr'><strong>sidera</strong></span> <span class='ocrx_word' id='word_1_88' title='bbox 1138 1852 1207 1914; x_wconf 93' lang='lat' dir='ltr'><strong>luci</strong></span> 
     </span>
     <span class='ocr_line' id='line_1_17' title="bbox 403 1935 1158 2019; baseline -0.007 -15"><span class='ocrx_word' id='word_1_89' title='bbox 403 1950 438 2004; x_wconf 86' lang='lat' dir='ltr'><strong>lo</strong></span> <span class='ocrx_word' id='word_1_90' title='bbox 485 1941 528 2001; x_wconf 86' lang='lat' dir='ltr'><strong>Et</strong></span> <span class='ocrx_word' id='word_1_91' title='bbox 545 1941 630 2019; x_wconf 89' lang='lat' dir='ltr'><strong>cupit</strong></span> <span class='ocrx_word' id='word_1_92' title='bbox 644 1941 814 2000; x_wconf 82' lang='lat' dir='ltr'><strong>Ausculum</strong></span> <span class='ocrx_word' id='word_1_93' title='bbox 827 1936 902 1999; x_wconf 90' lang='lat' dir='ltr'><strong>luna</strong></span> <span class='ocrx_word' id='word_1_94' title='bbox 915 1937 1023 1999; x_wconf 85' lang='lat' dir='ltr'><strong>videre</strong></span> <span class='ocrx_word' id='word_1_95' title='bbox 1037 1935 1158 1999; x_wconf 85' lang='lat' dir='ltr'><strong>ducem.</strong></span> 
     </span>
     <span class='ocr_line' id='line_1_18' title="bbox 443 2020 1317 2102; baseline 0 -18"><span class='ocrx_word' id='word_1_96' title='bbox 443 2023 520 2101; x_wconf 86' lang='lat' dir='ltr'><strong>lam,</strong></span> <span class='ocrx_word' id='word_1_97' title='bbox 541 2024 672 2101; x_wconf 79' lang='lat' dir='ltr'><strong>Gaesao,</strong></span> <span class='ocrx_word' id='word_1_98' title='bbox 693 2021 745 2083; x_wconf 85' lang='lat' dir='ltr'><strong>vel</strong></span> <span class='ocrx_word' id='word_1_99' title='bbox 757 2029 850 2083; x_wconf 85' lang='lat' dir='ltr'><strong>nocte</strong></span> <span class='ocrx_word' id='word_1_100' title='bbox 865 2023 951 2084; x_wconf 85' lang='lat' dir='ltr'><strong>veni:</strong></span> <span class='ocrx_word' id='word_1_101' title='bbox 973 2027 1059 2082; x_wconf 75' lang='lat' dir='ltr'><strong>sieut</strong></span> <span class='ocrx_word' id='word_1_102' title='bbox 1074 2028 1159 2082; x_wconf 78' lang='lat' dir='ltr'><strong>aetra</strong></span> <span class='ocrx_word' id='word_1_103' title='bbox 1171 2020 1317 2102; x_wconf 80' lang='lat' dir='ltr'><strong>licebit‚.</strong></span> 
     </span>
     <span class='ocr_line' id='line_1_19' title="bbox 485 2103 1103 2187; baseline -0.002 -21"><span class='ocrx_word' id='word_1_104' title='bbox 485 2107 553 2166; x_wconf 89' lang='lat' dir='ltr'><strong>Nou</strong></span> <span class='ocrx_word' id='word_1_105' title='bbox 570 2104 673 2166; x_wconf 85' lang='lat' dir='ltr'><strong>deerit</strong></span> <span class='ocrx_word' id='word_1_106' title='bbox 686 2103 802 2187; x_wconf 94' lang='lat' dir='ltr'><strong>populo</strong></span> <span class='ocrx_word' id='word_1_107' title='bbox 818 2113 850 2166; x_wconf 86' lang='lat' dir='ltr'><strong>te</strong></span> <span class='ocrx_word' id='word_1_108' title='bbox 865 2107 1011 2166; x_wconf 87' lang='lat' dir='ltr'><strong>veniente</strong></span> <span class='ocrx_word' id='word_1_109' title='bbox 1026 2103 1103 2165; x_wconf 79' lang='lat' dir='ltr'><strong>(lica.</strong></span> 
     </span>
    </p>
   </div>
   <div class='ocr_carea' id='block_1_7' title="bbox 836 2239 929 2302">
    <p class='ocr_par' dir='ltr' id='par_1_7' title="bbox 836 2239 929 2302">
     <span class='ocr_line' id='line_1_20' title="bbox 836 2239 929 2302; baseline 0.022 -2"><span class='ocrx_word' id='word_1_110' title='bbox 836 2239 929 2302; x_wconf 88' lang='lat' dir='ltr'><strong>XXll.</strong></span> 
     </span>
    </p>
   </div>
   <div class='ocr_carea' id='block_1_8' title="bbox 445 2349 1293 2517">
    <p class='ocr_par' dir='ltr' id='par_1_8' title="bbox 445 2349 1293 2517">
     <span class='ocr_line' id='line_1_21' title="bbox 445 2349 1293 2436; baseline 0.001 -22"><span class='ocrx_word' id='word_1_111' title='bbox 445 2354 558 2414; x_wconf 81' lang='lat' dir='ltr'><strong>luvitae</strong></span> <span class='ocrx_word' id='word_1_112' title='bbox 573 2351 613 2413; x_wconf 84' lang='lat' dir='ltr'><strong>ad</strong></span> <span class='ocrx_word' id='word_1_113' title='bbox 626 2373 749 2436; x_wconf 87' lang='lat' dir='ltr'><strong>aprum,</strong></span> <span class='ocrx_word' id='word_1_114' title='bbox 770 2354 861 2434; x_wconf 83' lang='lat' dir='ltr'><strong>ponis</strong></span> <span class='ocrx_word' id='word_1_115' title='bbox 875 2354 966 2431; x_wconf 83' lang='lat' dir='ltr'><strong>milri,</strong></span> <span class='ocrx_word' id='word_1_116' title='bbox 987 2349 1124 2429; x_wconf 79' lang='lat' dir='ltr'><strong>Gallice,</strong></span> <span class='ocrx_word' id='word_1_117' title='bbox 1146 2370 1293 2432; x_wconf 86' lang='lat' dir='ltr'><strong>porcum.</strong></span> 
     </span>
     <span class='ocr_line' id='line_1_22' title="bbox 485 2433 1230 2517; baseline -0.004 -18"><span class='ocrx_word' id='word_1_118' title='bbox 485 2436 619 2505; x_wconf 84' lang='lat' dir='ltr'><strong>Hibrida</strong></span> <span class='ocrx_word' id='word_1_119' title='bbox 633 2456 717 2517; x_wconf 78' lang='lat' dir='ltr'><strong>eum,</strong></span> <span class='ocrx_word' id='word_1_120' title='bbox 739 2438 766 2497; x_wconf 82' lang='lat' dir='ltr'><strong>ei</strong></span> <span class='ocrx_word' id='word_1_121' title='bbox 781 2436 851 2515; x_wconf 79' lang='lat' dir='ltr'><strong>das,</strong></span> <span class='ocrx_word' id='word_1_122' title='bbox 873 2433 1012 2515; x_wconf 78' lang='lat' dir='ltr'><strong>Gallice,</strong></span> <span class='ocrx_word' id='word_1_123' title='bbox 1031 2437 1127 2496; x_wconf 83' lang='lat' dir='ltr'><strong>verba</strong></span> <span class='ocrx_word' id='word_1_124' title='bbox 1140 2437 1230 2496; x_wconf 84' lang='lat' dir='ltr'><strong>milri.</strong></span> 
     </span>
    </p>
   </div>
   <div class='ocr_carea' id='block_1_9' title="bbox 832 2571 939 2632">
    <p class='ocr_par' dir='ltr' id='par_1_9' title="bbox 832 2571 939 2632">
     <span class='ocr_line' id='line_1_23' title="bbox 832 2571 939 2632; baseline -0.009 0"><span class='ocrx_word' id='word_1_125' title='bbox 832 2571 939 2632; x_wconf 86' lang='lat' dir='ltr'><strong>XXlll.</strong></span> 
     </span>
    </p>
   </div>
   <div class='ocr_carea' id='block_1_10' title="bbox 443 2667 1250 3005">
    <p class='ocr_par' dir='ltr' id='par_1_10' title="bbox 443 2667 1250 3005">
     <span class='ocr_line' id='line_1_24' title="bbox 443 2667 1203 2750; baseline -0.009 -16"><span class='ocrx_word' id='word_1_126' title='bbox 443 2674 522 2735; x_wconf 77' lang='lat' dir='ltr'><strong>Eleae</strong></span> <span class='ocrx_word' id='word_1_127' title='bbox 535 2675 594 2734; x_wconf 80' lang='lat' dir='ltr'><strong>tibi</strong></span> <span class='ocrx_word' id='word_1_128' title='bbox 607 2673 716 2733; x_wconf 77' lang='lat' dir='ltr'><strong>videor</strong></span> <span class='ocrx_word' id='word_1_129' title='bbox 731 2692 839 2733; x_wconf 75' lang='lat' dir='ltr'><strong>naevus</strong></span> <span class='ocrx_word' id='word_1_130' title='bbox 854 2672 1043 2750; x_wconf 86' lang='lat' dir='ltr'><strong>nimiumque</strong></span> <span class='ocrx_word' id='word_1_131' title='bbox 1059 2667 1203 2748; x_wconf 70' lang='lat' dir='ltr'><strong>gulosus,</strong></span> 
     </span>
     <span class='ocr_line' id='line_1_25' title="bbox 486 2752 1250 2838; baseline -0.004 -21"><span class='ocrx_word' id='word_1_132' title='bbox 486 2758 546 2833; x_wconf 75' lang='lat' dir='ltr'><strong>Qui</strong></span> <span class='ocrx_word' id='word_1_133' title='bbox 560 2763 691 2838; x_wconf 86' lang='lat' dir='ltr'><strong>propter</strong></span> <span class='ocrx_word' id='word_1_134' title='bbox 706 2775 827 2834; x_wconf 89' lang='lat' dir='ltr'><strong>cenam,</strong></span> <span class='ocrx_word' id='word_1_135' title='bbox 847 2756 991 2833; x_wconf 78' lang='lat' dir='ltr'><strong>Rustico,</strong></span> <span class='ocrx_word' id='word_1_136' title='bbox 1015 2752 1110 2813; x_wconf 85' lang='lat' dir='ltr'><strong>caedo</strong></span> <span class='ocrx_word' id='word_1_137' title='bbox 1127 2772 1250 2819; x_wconf 89' lang='lat' dir='ltr'><strong>cocum.</strong></span> 
     </span>
     <span class='ocr_line' id='line_1_26' title="bbox 445 2837 1160 2918; baseline -0.007 -17"><span class='ocrx_word' id='word_1_138' title='bbox 445 2841 478 2902; x_wconf 90' lang='lat' dir='ltr'><strong>Si</strong></span> <span class='ocrx_word' id='word_1_139' title='bbox 492 2839 571 2901; x_wconf 75' lang='lat' dir='ltr'><strong>levis</strong></span> <span class='ocrx_word' id='word_1_140' title='bbox 585 2842 645 2900; x_wconf 79' lang='lat' dir='ltr'><strong>iata</strong></span> <span class='ocrx_word' id='word_1_141' title='bbox 660 2841 718 2900; x_wconf 86' lang='lat' dir='ltr'><strong>tibi</strong></span> <span class='ocrx_word' id='word_1_142' title='bbox 732 2841 900 2918; x_wconf 80' lang='lat' dir='ltr'><strong>flagrorum</strong></span> <span class='ocrx_word' id='word_1_143' title='bbox 915 2858 1005 2900; x_wconf 77' lang='lat' dir='ltr'><strong>causa</strong></span> <span class='ocrx_word' id='word_1_144' title='bbox 1018 2837 1160 2914; x_wconf 86' lang='lat' dir='ltr'><strong>videtur,</strong></span> 
     </span>
     <span class='ocr_line' id='line_1_27' title="bbox 485 2922 1136 3005; baseline -0.011 -18"><span class='ocrx_word' id='word_1_145' title='bbox 485 2925 533 2987; x_wconf 81' lang='lat' dir='ltr'><strong>Ex</strong></span> <span class='ocrx_word' id='word_1_146' title='bbox 549 2944 609 3004; x_wconf 89' lang='lat' dir='ltr'><strong>qua</strong></span> <span class='ocrx_word' id='word_1_147' title='bbox 623 2924 669 2984; x_wconf 82' lang='lat' dir='ltr'><strong>via</strong></span> <span class='ocrx_word' id='word_1_148' title='bbox 684 2943 773 2985; x_wconf 81' lang='lat' dir='ltr'><strong>cauea</strong></span> <span class='ocrx_word' id='word_1_149' title='bbox 786 2923 913 3005; x_wconf 78' lang='lat' dir='ltr'><strong>vapulet</strong></span> <span class='ocrx_word' id='word_1_150' title='bbox 927 2942 1002 3003; x_wconf 84' lang='lat' dir='ltr'><strong>crgo</strong></span> <span class='ocrx_word' id='word_1_151' title='bbox 1018 2922 1136 2982; x_wconf 70' lang='lat' dir='ltr'><strong>cocus?</strong></span> 
     </span>
    </p>
   </div>
   <div class='ocr_carea' id='block_1_11' title="bbox 846 3057 959 3122">
    <p class='ocr_par' dir='ltr' id='par_1_11' title="bbox 846 3057 959 3122">
     <span class='ocr_line' id='line_1_28' title="bbox 846 3057 959 3122; baseline 0 -2"><span class='ocrx_word' id='word_1_152' title='bbox 846 3057 959 3122; x_wconf 83' lang='lat' dir='ltr'>XXIV.</span> 
     </span>
    </p>
   </div>
   <div class='ocr_carea' id='block_1_12' title="bbox 424 3151 1242 3656">
    <p class='ocr_par' dir='ltr' id='par_1_12' title="bbox 424 3151 1242 3656">
     <span class='ocr_line' id='line_1_29' title="bbox 445 3151 1242 3238; baseline -0.005 -20"><span class='ocrx_word' id='word_1_153' title='bbox 445 3156 478 3218; x_wconf 90' lang='lat' dir='ltr'><strong>Si</strong></span> <span class='ocrx_word' id='word_1_154' title='bbox 497 3157 571 3238; x_wconf 85' lang='lat' dir='ltr'><strong>quid</strong></span> <span class='ocrx_word' id='word_1_155' title='bbox 584 3158 669 3219; x_wconf 85' lang='lat' dir='ltr'><strong>forte</strong></span> <span class='ocrx_word' id='word_1_156' title='bbox 682 3163 787 3238; x_wconf 85' lang='lat' dir='ltr'><strong>petam</strong></span> <span class='ocrx_word' id='word_1_157' title='bbox 800 3155 910 3217; x_wconf 81' lang='lat' dir='ltr'><strong>timido</strong></span> <span class='ocrx_word' id='word_1_158' title='bbox 923 3152 1094 3235; x_wconf 77' lang='lat' dir='ltr'><strong>gracilique</strong></span> <span class='ocrx_word' id='word_1_159' title='bbox 1108 3151 1242 3235; x_wconf 88' lang='lat' dir='ltr'><strong>libello,</strong></span> 
     </span>
     <span class='ocr_line' id='line_1_30' title="bbox 486 3237 1190 3323; baseline -0.003 -20"><span class='ocrx_word' id='word_1_160' title='bbox 486 3243 630 3323; x_wconf 87' lang='lat' dir='ltr'><strong>improba</strong></span> <span class='ocrx_word' id='word_1_161' title='bbox 644 3262 706 3302; x_wconf 90' lang='lat' dir='ltr'><strong>uon</strong></span> <span class='ocrx_word' id='word_1_162' title='bbox 723 3241 821 3303; x_wconf 84' lang='lat' dir='ltr'><strong>fuerit</strong></span> <span class='ocrx_word' id='word_1_163' title='bbox 835 3244 945 3302; x_wconf 77' lang='lat' dir='ltr'><strong>simeo</strong></span> <span class='ocrx_word' id='word_1_164' title='bbox 959 3240 1084 3317; x_wconf 85' lang='lat' dir='ltr'><strong>charia,</strong></span> <span class='ocrx_word' id='word_1_165' title='bbox 1107 3237 1190 3301; x_wconf 85' lang='lat' dir='ltr'><strong>dato.</strong></span> 
     </span>
     <span class='ocr_line' id='line_1_31' title="bbox 444 3324 1221 3405; baseline -0.003 -20"><span class='ocrx_word' id='word_1_166' title='bbox 444 3325 486 3386; x_wconf 83' lang='lat' dir='ltr'><strong>Et</strong></span> <span class='ocrx_word' id='word_1_167' title='bbox 500 3328 526 3387; x_wconf 82' lang='lat' dir='ltr'><strong>ei</strong></span> <span class='ocrx_word' id='word_1_168' title='bbox 540 3347 602 3387; x_wconf 93' lang='lat' dir='ltr'><strong>uou</strong></span> <span class='ocrx_word' id='word_1_169' title='bbox 619 3326 761 3405; x_wconf 71' lang='lat' dir='ltr'><strong>dederit,</strong></span> <span class='ocrx_word' id='word_1_170' title='bbox 783 3326 915 3402; x_wconf 77' lang='lat' dir='ltr'><strong>Caesar,</strong></span> <span class='ocrx_word' id='word_1_171' title='bbox 937 3324 1086 3404; x_wconf 84' lang='lat' dir='ltr'><strong>permitte</strong></span> <span class='ocrx_word' id='word_1_172' title='bbox 1098 3324 1221 3402; x_wconf 78' lang='lat' dir='ltr'><strong>rogari:</strong></span> 
     </span>
     <span class='ocr_line' id='line_1_32' title="bbox 488 3408 1232 3489; baseline 0.001 -18"><span class='ocrx_word' id='word_1_173' title='bbox 488 3410 661 3471; x_wconf 83' lang='lat' dir='ltr'><strong>Offendunt</strong></span> <span class='ocrx_word' id='word_1_174' title='bbox 673 3428 829 3489; x_wconf 83' lang='lat' dir='ltr'><strong>uunquam</strong></span> <span class='ocrx_word' id='word_1_175' title='bbox 842 3416 913 3469; x_wconf 83' lang='lat' dir='ltr'><strong>tura</strong></span> <span class='ocrx_word' id='word_1_176' title='bbox 927 3425 1101 3488; x_wconf 81' lang='lat' dir='ltr'><strong>precesque</strong></span> <span class='ocrx_word' id='word_1_177' title='bbox 1116 3408 1232 3473; x_wconf 84' lang='lat' dir='ltr'><strong>lovem.</strong></span> 
     </span>
     <span class='ocr_line' id='line_1_33' title="bbox 424 3491 1186 3573; baseline -0.004 -19"><span class='ocrx_word' id='word_1_178' title='bbox 424 3492 506 3569; x_wconf 72' lang='lat' dir='ltr'><strong>iQui</strong></span> <span class='ocrx_word' id='word_1_179' title='bbox 520 3496 610 3573; x_wconf 80' lang='lat' dir='ltr'><strong>fingit</strong></span> <span class='ocrx_word' id='word_1_180' title='bbox 625 3515 729 3555; x_wconf 78' lang='lat' dir='ltr'><strong>racros</strong></span> <span class='ocrx_word' id='word_1_181' title='bbox 744 3513 818 3553; x_wconf 91' lang='lat' dir='ltr'><strong>auro</strong></span> <span class='ocrx_word' id='word_1_182' title='bbox 833 3492 883 3553; x_wconf 78' lang='lat' dir='ltr'><strong>vel</strong></span> <span class='ocrx_word' id='word_1_183' title='bbox 900 3509 1052 3551; x_wconf 90' lang='lat' dir='ltr'><strong>marmore</strong></span> <span class='ocrx_word' id='word_1_184' title='bbox 1067 3491 1186 3569; x_wconf 78' lang='lat' dir='ltr'><strong>voltus,</strong></span> 
     </span>
     <span class='ocr_line' id='line_1_34' title="bbox 486 3574 1193 3656; baseline 0.004 -20"><span class='ocrx_word' id='word_1_185' title='bbox 486 3578 555 3637; x_wconf 90' lang='lat' dir='ltr'><strong>Non</strong></span> <span class='ocrx_word' id='word_1_186' title='bbox 570 3579 646 3639; x_wconf 85' lang='lat' dir='ltr'><strong>facit</strong></span> <span class='ocrx_word' id='word_1_187' title='bbox 658 3578 714 3639; x_wconf 89' lang='lat' dir='ltr'><strong>ille</strong></span> <span class='ocrx_word' id='word_1_188' title='bbox 729 3578 820 3638; x_wconf 77' lang='lat' dir='ltr'><strong>deos:</strong></span> <span class='ocrx_word' id='word_1_189' title='bbox 841 3580 894 3656; x_wconf 83' lang='lat' dir='ltr'><strong>qui</strong></span> <span class='ocrx_word' id='word_1_190' title='bbox 910 3584 1016 3655; x_wconf 82' lang='lat' dir='ltr'><strong>rogat,</strong></span> <span class='ocrx_word' id='word_1_191' title='bbox 1037 3574 1092 3637; x_wconf 87' lang='lat' dir='ltr'><strong>illc</strong></span> <span class='ocrx_word' id='word_1_192' title='bbox 1106 3575 1193 3639; x_wconf 83' lang='lat' dir='ltr'><strong>facit.</strong></span> 
     </span>
    </p>
   </div>
   <div class='ocr_carea' id='block_1_13' title="bbox 292 3709 436 4119">
    <p class='ocr_par' dir='ltr' id='par_1_13' title="bbox 292 3709 436 4119">
     <span class='ocr_line' id='line_1_35' title="bbox 292 3709 436 4119; baseline -0.007 -134"><span class='ocrx_word' id='word_1_193' title='bbox 292 3709 436 4119; x_wconf 54' lang='grc' dir='ltr'>ι</span> 
     </span>
    </p>
   </div>
   <div class='ocr_carea' id='block_1_14' title="bbox 0 0 1741 4575">
    <p class='ocr_par' dir='ltr' id='par_1_14' title="bbox 0 0 1741 4575">
     <span class='ocr_line' id='line_1_36' title="bbox 0 0 1741 4575; baseline 0 0"><span class='ocrx_word' id='word_1_194' title='bbox 0 0 1741 4575; x_wconf 95' lang='lat' dir='ltr'><strong> </strong></span> 
     </span>
    </p>
   </div>
  </div>
 </body>
</html>
