3434 4575
407 448 469 511 228
728 446 772 506 M.
790 445 880 507 VAL.
896 447 1121 507 ulau'rmuis

312 3835 447 4035 ἱ

490 597 634 658 Delasset
648 617 753 658 omnes
768 598 886 659 fabulas
900 567 1075 680 poetarrlm:

490 684 531 743 Et
547 703 615 743 cum
629 683 722 742 lateri
735 684 829 742 Furia
846 685 973 744 iusserit
986 704 1110 764 rerum,

491 767 649 827 Prodente
665 767 775 827 clamet
790 770 978 828 conscientia
993 770 1169 850 „Scripsi.“

906 904 954 965 Vl.

490 997 629 1076 Felices,
652 1001 761 1077 quibus
777 1022 854 1062 urna
869 1001 957 1063 dedit
971 1007 1113 1081 spectare
1128 1023 1296 1068 coruscum

533 1081 657 1143 Solibus
672 1085 796 1144 Arctois
812 1086 1028 1165 sideribusque
1045 1085 1164 1147 ducem.

490 1166 618 1242 Quando
638 1169 700 1228 erit
716 1167 771 1228 ille
789 1168 873 1249 dies,
897 1190 956 1251 quo
972 1190 1095 1251 campus
1109 1178 1144 1230 et
1158 1175 1256 1234 arbor
1271 1184 1307 1237 et
1323 1183 1424 1242 omnis

531 1251 663 1311 Lucebit
676 1251 764 1312 Latia
779 1253 869 1319 culta,
875 1255 1014 1315 fenestra
1031 1255 1134 1314 nuru?

465 1335 616 1410 5Quando
632 1355 736 1396 morae
751 1336 858 1398 dulces
872 1337 1044 1418 longusque
1059 1360 1076 1397 a
1092 1339 1229 1400 Caesare
1245 1343 1355 1423 pulvis

532 1419 673 1499 Totaque
693 1419 844 1482 Flaminia
859 1425 955 1484 Roma
968 1421 1100 1482 videnda
1112 1423 1186 1484 rial

490 1502 618 1578 Quando
633 1522 729 1583 eques
747 1514 780 1564 et
800 1508 877 1586 picti
892 1509 995 1567 tunica
1009 1505 1149 1567 Nilotide
1164 1507 1275 1570 Mauri

529 1587 631 1665 ibitis,
653 1593 686 1647 et
699 1587 806 1669 populi
820 1611 878 1651 vox
895 1593 957 1651 erit
970 1610 1030 1650 uua
1043 1591 1208 1669 ‚,Veuit‘3“

887 1726 952 1788 Vll.

486 1818 695 1900 Nympharum
711 1829 801 1901 pater
816 1824 1025 1902 amniumque,
1047 1823 1176 1901 Rhene,

487 1904 668 1984 Quicunque
684 1906 831 1986 Odrysias
846 1908 955 1967 bibunt
968 1909 1112 1987 pruinas,

487 1987 538 2047 Sic
553 2007 677 2069 semper
691 1989 818 2069 liquidis
832 1991 945 2051 fruaris
960 1990 1067 2069 undis,

485 2071 598 2133 Necte
614 2077 743 2134 barbara
758 2074 975 2136 contumeliosi

465 2156 648 2219 50alcatum
662 2163 730 2216 rota
745 2163 888 2218 conterat
902 2157 1044 2232 bubulcl;

485 2241 537 2300 Sic
554 2246 587 2300 et
601 2241 746 2300 cornibus
762 2241 864 2301 aureis
878 2245 1016 2323 receptis

486 2325 529 2384 Et
541 2324 695 2382 Romanus
711 2342 763 2383 eas
778 2330 909 2404 utraque
924 2329 1008 2408 ripa:

485 2407 652 2466 Traianum
664 2405 788 2487 populis
803 2410 866 2469 suls
882 2416 915 2470 et
930 2413 1017 2489 urbi,

485 2490 591 2550 'libris
607 2496 639 2550 te
655 2489 795 2552 dominus
810 2500 916 2572 rogat,
937 2497 1086 2560 remittas.

879 2630 956 2691 Vlll.

481 2722 606 2785 Nubere
620 2723 716 2786 Paula
731 2726 818 2805 cupit
831 2726 936 2802 nobis,
959 2742 1018 2802 ego
1034 2722 1150 2784 ducere
1164 2727 1300 2795 Paulam

524 2807 619 2869 Nolo:
635 2829 709 2869 anus
724 2816 788 2882 est;
809 2806 939 2888 vellem,
962 2809 989 2867 si
1003 2810 1097 2887 magis
1113 2818 1200 2872 esset
1215 2834 1308 2882 auus.

899 2942 949 3003 IX.

482 3040 623 3101 Undenis
638 3040 831 3122 pedibusque
846 3040 1035 3122 syllabisque

481 3125 522 3184 Et
536 3124 631 3185 multo
647 3125 729 3203 sale,
750 3144 809 3186 nec
825 3132 928 3186 tamen
941 3132 1107 3205 protervo,

481 3208 578 3270 Notus
593 3211 736 3289 gentibus
749 3208 806 3270 ille
820 3210 976 3270 Martialis

479 3294 521 3353 ut
536 3300 627 3354 notus
642 3293 824 3374 populis-
839 3294 914 3373 quid
926 3292 1094 3352 invidetis?
1106 3328 1149 3336 -—

459 3376 551 3437 5Non
566 3397 633 3437 sum
649 3378 865 3438 Andraemone
880 3378 984 3437 notior
1001 3374 1128 3437 caballo.

895 3510 933 3571 X.

480 3623 557 3683 Cum
570 3632 620 3703 tn,
640 3613 804 3703 laurigeris
818 3643 931 3684 annum
945 3625 997 3701 qui
1009 3624 1145 3685 fascibus
1159 3600 1280 3708 intras,

521 3707 615 3768 Mane
630 3706 780 3768 salutator
793 3707 902 3767 limina
917 3706 1002 3767 mille
1019 3713 1120 3784 teras,
