3434 4575
692 475 817 523 struet
841 475 875 521 X.

308 619 595 699 Tantumdematque
618 616 660 679 iili
681 633 807 677 summas
830 615 940 678 donare
966 613 1093 692 curules,

308 705 387 767 iilum
412 702 593 764 exercitibus
621 697 831 780 praeponere?
856 710 935 761 tutor
962 700 1064 761 haberi

308 790 447 868 Principis
473 796 595 865 angusta
623 784 802 864 Caprearum
826 787 854 845 in
878 804 950 864 rupe
974 785 1103 845 sedentis

308 873 376 934 Gom
403 892 499 951 grege
523 869 693 932 Chaldaeo?
721 871 766 929 vis
789 879 871 931 certe
895 870 970 949 piia,
996 870 1146 946 cohortes,

308 959 453 1036 Egregios
481 957 596 1034 equites
621 966 651 1017 et
674 963 770 1016 caetra
796 951 977 1016 domestica?
1004 955 1101 1035 quidni
1266 966 1300 1020 95

308 1043 386 1104 Haec
410 1038 533 1120 cupias?
556 1049 585 1100 et
607 1040 656 1119 qui
677 1039 778 1099 nolunt
801 1040 940 1100 occidere
963 1057 1146 1118 quemquam,

309 1129 399 1187 Posse
423 1125 533 1186 volunt.
571 1125 630 1186 Sed
653 1142 729 1204 quae
753 1125 905 1201 praeclara
931 1135 960 1184 et
984 1140 1128 1203 prospera
1150 1126 1229 1198 tanti,

309 1212 343 1272 tt
365 1210 456 1272 rebus
477 1208 562 1269 laetis
588 1210 700 1286 parsit
726 1227 860 1269 mensura
885 1205 1046 1270 maiorum?

308 1297 413 1370 Huius,
439 1295 487 1373 qui
512 1294 649 1369 trahitur,
674 1303 855 1372 praetextam
879 1312 995 1354 sumere
1020 1295 1121 1368 mavis,

310 1380 350 1441 hu
374 1379 547 1440 Fidenarum
569 1377 783 1456 Gabiorumque
806 1396 875 1437 esse
903 1388 1034 1457 potestas
1254 1391 1301 1441 10⁰

309 1465 343 1525 Et
366 1465 403 1525 de
427 1480 560 1522 mensura
584 1465 628 1521 ius
651 1462 766 1538 dicere,
790 1481 859 1522 vasa
882 1465 992 1523 minora

310 1550 458 1627 Frangere
482 1564 628 1625 pannosus
655 1548 754 1606 vacuis
778 1547 882 1608 aedilis
899 1545 1043 1608 ¹Ulubris?

311 1634 388 1712 Ergo
413 1633 481 1712 quid
507 1632 664 1711 optandum
688 1632 782 1706 foret,
813 1635 967 1709 ignorasse
994 1633 1096 1692 fateris

310 1721 459 1784 Seianum;
485 1735 549 1777 nam
572 1718 620 1795 qui
646 1717 749 1776 nimios
771 1716 891 1794 optabat
917 1717 1044 1776 honores

312 1803 345 1863 Et
369 1802 470 1862 nimias
492 1801 636 1879 poscebat
658 1818 749 1879 opes,
777 1816 931 1860 numerosa
957 1800 1077 1880 parabat
1253 1815 1300 1866 105

312 1887 458 1948 Excelsae
484 1888 570 1946 turris
595 1885 737 1961 tabulatu,
762 1887 837 1946 unde
863 1884 949 1944 aitior
972 1894 1052 1945 esset

311 1971 403 2032 Cusus
429 1978 458 2030 et
484 1970 625 2048 impulsae
653 1988 797 2048 praeceps
821 1972 943 2030 immane
967 1971 1077 2031 ruinae.

311 2057 383 2130 Quid
409 2052 551 2129 Crassos,
576 2054 645 2134 quid
671 2054 828 2131 Pompeios
856 2055 978 2131 evertit,
1005 2064 1035 2115 et
1058 2054 1149 2131 illum,

313 2141 354 2201 hd
377 2158 428 2200 suu
456 2142 504 2218 qui
528 2139 653 2200 domitos
677 2139 795 2199 deduxit
819 2140 909 2216 flagra
934 2137 1085 2212 Quirites?

311 2228 441 2283 Summus
466 2241 571 2303 nempe
598 2222 682 2283 iocus
709 2223 786 2282 nulla
811 2242 868 2283 non
896 2232 959 2283 arte
982 2225 1100 2303 petitus,
1252 2238 1301 2289 110

313 2310 472 2387 iiagnaque
497 2307 656 2368 numinibus
679 2317 747 2367 vota
771 2310 906 2369 exaudita
931 2309 1072 2386 malignis.

314 2395 354 2453 hd
379 2410 520 2470 generum
548 2390 665 2452 Cereris
691 2394 753 2452 sine
779 2394 871 2453 caede
897 2411 931 2453 ac
953 2394 1074 2454 vuinere
1101 2397 1185 2473 pauci

313 2477 498 2537 iiescendunt
522 2494 611 2555 reges
636 2487 665 2536 et
688 2478 768 2537 sicca
794 2487 888 2537 morte
911 2480 1051 2552 tyranni.v

352 2561 506 2641 Eloquium
528 2580 562 2621 ac
582 2561 684 2620 famam
708 2559 917 2621 Demosthenis
943 2573 990 2621 aut
1015 2561 1167 2623 Ciceronis

311 2647 415 2725 iucipit
438 2656 541 2725 optare
565 2655 595 2705 et
620 2646 688 2704 totis
705 2644 934 2724 Quinquatribus
957 2657 1049 2725 optat,
1255 2661 1301 2711 tit>

312 2730 449 2809 Quisquis
477 2729 570 2790 adhuc
596 2747 652 2789 uno
676 2746 792 2807 parcam
817 2729 888 2789 coiit
915 2749 981 2790 asse
1006 2731 1173 2804 Minervam,

312 2816 403 2888 Quern
430 2816 561 2893 sequitur
584 2824 683 2874 custos
708 2823 849 2890 angustae
873 2816 994 2875 vernula
1022 2836 1139 2895 capsae.

313 2898 437 2978 Eloquio
463 2898 516 2959 sed
539 2909 661 2975 uterque
687 2900 897 2975 perderetur:
924 2909 1074 2978 utrumque

314 2984 421 3061 Largus
447 2992 476 3042 et
502 2984 650 3043 exundans
672 2982 730 3042 leto
754 2982 833 3043 dedit
858 2984 966 3062 ingenii
991 2986 1066 3045 ious.

313 3068 429 3145 iugenio
455 3086 553 3128 manus
579 3078 623 3127 est
651 3077 680 3126 et
703 3068 804 3127 cervix
826 3086 929 3142 caesa;
956 3064 1012 3129 nbc
1036 3088 1166 3147 umquam
1257 3081 1304 3131 titt

313 3155 459 3231 Sanguine
487 3153 625 3213 causidici
651 3151 821 3212 maduerunt
843 3163 940 3214 rostra
964 3155 1072 3235 pusilii.

314 3238 337 3294 0
359 3237 532 3297 fortunatam
555 3247 649 3297 natam
674 3255 720 3295 me
746 3236 869 3297 eonsuie
894 3237 1014 3299 Romam
1038 3274 1077 3282 -

315 3323 420 3381 hutoni
442 3322 557 3398 gladios
580 3322 673 3399 potuit
696 3329 900 3397 contemnere,
924 3325 948 3382 si
972 3326 1015 3383 sic

314 3404 412 3465 Omnia
436 3407 568 3466 dixisset.
608 3404 739 3465 Ridenda
762 3415 898 3483 poemata
920 3408 1008 3483 malo,

315 3490 405 3562 Quam
427 3500 457 3550 te
480 3491 673 3568 conspicuae,
697 3488 792 3549 diuina
813 3490 992 3571 Philippica,
1017 3491 1122 3563 famae,
1256 3501 1302 3553 tto

315 3573 449 3634 volveris
474 3592 491 3635 a
515 3575 605 3652 prima
630 3592 704 3652 quae
729 3575 870 3653 proxima.
908 3578 1021 3637 Saeuus
1044 3583 1073 3635 et
1097 3573 1176 3633 iilum

315 3655 415 3718 Exitus
438 3659 561 3738 eripuit,
587 3676 672 3737 quem
700 3658 874 3719 mirabantur
900 3660 1033 3721 Athenae

316 3738 484 3803 Torrentem
511 3753 540 3802 et
565 3742 644 3820 pleni
666 3742 863 3802 moderantem
886 3746 968 3805 irena
994 3746 1107 3805 theatri.

1094 3826 1137 3889 ⁵0
