3434 4575
357 451 421 518 194
682 453 726 514 Μ.
741 452 834 514 VAL.
850 450 1077 513 MARTIALIS

441 605 587 686 Speranti
600 603 707 685 plures
721 638 765 651 -
777 625 846 664 nam
862 612 945 665 stare
961 612 1013 665 aut
1028 625 1175 668 crescere
1192 607 1316 671 dehent

483 690 617 751 Munera
629 724 672 734 -
684 696 837 748 venerunt
851 687 961 769 plusve
976 691 1114 750 minusve
1130 689 1224 756 onae.
1253 751 1258 760 ,

420 773 573 835 5Tertius
587 779 621 833 et
636 777 763 852 quartus
776 772 872 832 multo
886 773 1038 853 iuferiora
1051 772 1207 841 tulerunt.

482 857 577 917 hihra
592 857 652 916 fuit
667 858 775 936 quinto
790 856 967 937 Septiciana
982 856 1116 936 quidem.

440 939 598 1001 Bessalem
614 939 652 1000 ad
667 939 818 1000 scutulam
837 947 925 1000 sexto
938 943 1136 1021 pervenimus
1151 963 1256 1021 auno;

481 1025 558 1085 Post
571 1026 653 1084 hunc
667 1026 700 1084 in
715 1024 817 1084 cotula
832 1044 901 1085 rasa
916 1023 1032 1085 selibra
1046 1024 1118 1086 data
1137 1033 1197 1089 est.

440 1109 572 1169 Octavus
586 1107 711 1187 ligulam
725 1110 809 1168 misit
823 1114 965 1169 sextante
979 1110 1148 1186 minorem;

401 1202 429 1255 10
480 1193 586 1252 Nonus
600 1213 656 1252 acu
669 1190 769 1252 levius
783 1194 833 1252 vix
847 1191 1013 1253 cochleare
1030 1192 1110 1256 tulit.

441 1275 532 1353 Quod
545 1278 648 1336 mittat
661 1277 751 1336 nohis
767 1275 905 1336 (lecimus
919 1277 980 1337 iam
994 1296 1056 1337 non
1071 1278 1167 1338 hahet
1182 1299 1304 1344 mnus:

483 1362 636 1436 Quattuor
651 1358 690 1418 ad
703 1357 817 1438 libras,
838 1359 1053 1440 Postumiam,
1075 1359 1156 1423 redi.

811 1524 931 1586 LXXII.

440 1636 583 1697 Nondum
596 1639 713 1698 murice
729 1637 830 1699 cultus
845 1658 1018 1720 asperoque
1079 1676 1082 1680 -
1130 1698 1139 1709 ,

438 1721 547 1781 Morsu
563 1723 693 1803 pumicis
709 1723 788 1783 aridi
804 1721 922 1804 politus

438 1805 592 1866 Arcanum
610 1825 761 1888 properas
776 1809 881 1886 sequi,
901 1803 1030 1884 lihelle,

438 1890 537 1966 Quem
551 1891 760 1971 pulcherrima
774 1891 835 1951 iam
850 1888 957 1951 redire
970 1889 1093 1968 Narbo,

416 1971 532 2034 5Docti
546 1976 649 2035 Narbo
663 1976 798 2036 Paterna
812 1975 959 2052 Votieni,

439 2057 488 2116 Ad
501 2057 588 2136 leges
603 2060 691 2118 iubet
704 2077 884 2137 annuosque
899 2058 1017 2131 fasces3

437 2140 527 2203 Votis
544 2141 627 2220 quod
641 2143 767 2222 paribus
782 2143 839 2203 tihi
853 2140 1023 2222 petendum
1037 2146 1099 2219 est,

438 2225 608 2304 Continget
621 2224 709 2285 locus
723 2225 779 2286 ille
795 2231 828 2286 et
840 2227 893 2286 hio
911 2226 1034 2287 amicus.

324 2387 326 2393 Ι
437 2309 533 2385 Quam
548 2308 659 2369 vellem
673 2310 744 2370 lieri
758 2329 845 2371 meus
858 2308 1000 2371 libellus!

805 2470 939 2531 LXXIII.
1052 2470 1056 2475 ’

436 2583 583 2660 Instanti,
606 2601 666 2661 quo
681 2601 740 2644 nec
755 2584 908 2643 sincerior
923 2581 1004 2642 alter
1017 2582 1150 2642 hahetur

476 2665 626 2744 Pectore,
649 2685 708 2726 neo
721 2668 810 2727 nivea
825 2665 1023 2747 simplicitate
1037 2667 1141 2746 prior,

435 2748 470 2809 Si
484 2748 559 2811 dare
573 2752 618 2810 vis
633 2758 759 2811 nostrae
774 2752 857 2811 vires
874 2752 1053 2829 animosque
1068 2749 1203 2823 Thallae

474 2835 518 2894 Et
530 2836 649 2895 victura
661 2837 744 2916 petis
758 2836 910 2913 carmina,
931 2834 971 2893 ala
985 2833 1068 2913 quod
1082 2853 1191 2900 amem.

411 2917 568 2996 tcynthia
583 2926 616 2977 te
631 2925 732 2980 votem
746 2920 839 2998 lecit,
861 2917 975 2979 lascive
993 2918 1159 2998 Properti;

476 3001 635 3080 Ingenium
651 3002 735 3063 Galli
754 3002 886 3084 pulchra
899 3004 1030 3082 Lycoris
1045 3009 1121 3063 erat.

432 3084 527 3145 Fama
541 3092 590 3145 est
604 3090 706 3165 arguti
718 3088 860 3149 Nemesis
875 3088 1011 3147 formosa
1025 3084 1162 3147 Tibulli:

475 3170 587 3230 Lesbia
601 3170 742 3250 dictavit,
762 3171 854 3233 docto
870 3169 1010 3249 Catulle,
1031 3171 1099 3232 tihi.

432 3252 502 3313 Non
517 3274 567 3315 me
581 3254 705 3334 Peligni
719 3274 778 3316 nec
792 3262 922 3337 spernet
935 3255 1064 3315 Mantua
1077 3261 1193 3335 vatem,

393 3345 426 3395 10
476 3337 509 3398 Si
526 3359 585 3417 qua
601 3340 737 3400 (iorInna
748 3342 840 3419 mihi,
863 3342 890 3401 si
906 3340 974 3419 quis
988 3338 1095 3399 Alexis
1113 3340 1185 3401 erit.
1207 3400 1210 3405 ,

807 3506 941 3570 LXXIV.

432 3614 661 3695 Hoplomachus
675 3638 756 3679 nunc
772 3638 824 3696 es,
844 3620 952 3679 fueras
965 3618 1191 3700 ophthalmicus
1207 3628 1298 3686 aute.

473 3699 592 3761 Fecisti
606 3701 743 3763 medicus
758 3701 842 3783 quod
857 3703 933 3763 facis
950 3701 1182 3784 hoplomaohus.
