3434 4575
520 460 859 523 EPIGRAMMATON
873 459 1014 569 L1B3Vl.
1231 458 1292 523 133

336 616 394 678 Ille
408 623 496 677 vetus
510 634 567 694 pro
585 620 618 674 te
631 615 811 693 patriusque
828 611 902 690 quid
917 617 1005 690 optet
1021 611 1152 690 amicus,

379 702 495 779 Accipe
513 699 638 758 ethaeo
652 699 784 757 memori
797 703 927 776 pectore
941 703 1012 755 vota
1027 702 1115 755 tene:

314 787 436 848 ocauta
450 785 491 844 sit
508 790 543 842 ut
556 783 670 858 virtus,
691 800 750 841 nec
764 787 796 841 te
810 781 994 840 temerarius
1008 778 1100 839 ardor

378 871 412 930 ln
427 866 546 927 medios
561 885 651 928 enses
666 884 815 942 saevaque
830 862 895 924 tela
911 863 1001 923 ferat.

335 952 425 1014 Bella
440 949 538 1012 velint
552 951 748 1029 Martemque
761 949 863 1009 ferum
876 948 1005 1007 rationis
1021 952 1165 1025 egentes,

379 1037 429 1097 Tu
443 1042 532 1115 potes
551 1040 583 1095 et
596 1036 693 1114 patris
709 1032 799 1093 miles
815 1039 848 1093 et
863 1050 931 1092 esse
947 1030 1043 1090 ducis.
1075 1079 1081 1092 ,

717 1167 825 1227 XXVI.

335 1265 536 1328 Periclitatur
550 1266 651 1345 capite
666 1263 797 1325 Sotades
811 1270 927 1324 noster.

336 1353 433 1412 Reum
449 1351 565 1431 putatis
581 1367 650 1409 esse
666 1347 826 1408 Sotaden?
847 1367 909 1407 nou
925 1356 982 1408 est.

334 1436 484 1514 Arrigere
500 1432 581 1493 desit
595 1450 687 1513 posse
703 1430 849 1491 Sotades:
871 1430 974 1511 lingit.

708 1566 830 1627 xxvn.

334 1665 387 1723 Bis
401 1664 502 1723 vicine
517 1663 620 1742 Nepos
636 1699 677 1710 -
690 1683 758 1722 uam
775 1669 809 1722 tu
823 1681 947 1741 quoque
959 1663 1098 1741 proxima
1109 1660 1223 1724 Florae

377 1747 489 1807 Incolis
504 1754 537 1806 et
551 1752 675 1807 veteres
690 1753 725 1806 tu
740 1765 863 1825 quoque
877 1744 1012 1806 Ficelias
1027 1780 1070 1792 —

334 1834 393 1893 Est
407 1833 479 1907 tibi,
502 1849 580 1910 quae
595 1832 695 1909 patria
714 1831 852 1907 signatur
870 1830 1002 1908 imagine
1015 1826 1133 1907 voltus,

379 1915 484 1974 Testis
499 1920 656 1973 maternae
670 1918 742 1972 nata
755 1912 932 1992 pudicitiae.

315 1999 387 2060 ὁΤι]
402 2005 505 2058 tamen
520 2017 635 2057 annoso
650 1998 775 2056 nimium
789 2015 829 2056 ne
843 2015 937 2077 parce
950 1995 1102 2075 Falerno,

377 2084 418 2142 ut
432 2083 535 2162 potius
549 2079 660 2161 plenos
678 2099 750 2140 aere
768 2078 913 2158 relinque
929 2079 1030 2141 cados.

337 2166 385 2226 Sit
399 2166 466 2245 pia,
487 2167 528 2225 sit
542 2163 699 2245 locuples,
722 2163 779 2224 sed
795 2169 885 2245 potet
899 2163 964 2224 iilia
978 2169 1125 2225 mustuma

376 2251 533 2329 Amphora
548 2269 616 2310 cum
632 2248 754 2310 domina
768 2268 849 2309 nunc
863 2268 941 2309 nova
954 2248 1010 2309 fiat
1023 2268 1105 2311 anus.

334 2336 476 2396 Caecuba
490 2354 552 2393 non
566 2332 650 2394 solos
666 2333 820 2394 vindemia
833 2335 951 2393 nutriat
965 2336 1073 2394 orbos:

290 2430 326 2483 10
374 2419 508 2478 Possunt
522 2425 555 2477 et
570 2424 676 2496 patres
691 2418 811 2495 vivere,
832 2416 927 2477 erede
942 2418 1026 2480 mihi.

701 2550 836 2611 XXVlll.

335 2651 481 2710 Libertus
497 2649 640 2711 Melioris
655 2648 712 2710 ille
726 2656 833 2725 notus,

335 2733 416 2792 Tota
431 2733 483 2813 qul
497 2733 611 2794 cecidit
625 2732 751 2794 dolente
764 2732 876 2811 Roma,

334 2817 406 2877 Gari
421 2816 551 2878 deliciae
565 2819 676 2878 breves
691 2818 831 2896 patroni,

333 2901 401 2960 Hoc
419 2904 475 2961 sub
491 2921 642 2962 marmore
658 2901 800 2964 Glaucias
814 2901 955 2960 humatus

311 2985 440 3045 oluncto
455 2986 625 3046 Flaminiae
639 2987 721 3046 iacet
735 2983 897 3065 sepulcro:

336 3069 446 3129 (iustus
461 3072 614 3148 moribus,
636 3071 759 3150 integer
773 3068 911 3149 pudore,

337 3151 436 3215 Velox
450 3156 591 3234 iugenio,
614 3153 728 3215 decore
743 3153 828 3214 felix.

334 3236 390 3296 Bis
404 3239 487 3298 senis
501 3238 592 3299 modo
607 3240 758 3300 messibus
774 3238 909 3318 peractis

333 3321 394 3382 Vix
408 3340 500 3381 unum
515 3341 594 3401 puer
608 3320 783 3402 applicabat
797 3341 916 3382 annum.

294 3404 391 3479 loQui
404 3405 461 3464 fles
476 3404 567 3484 talia,
588 3404 634 3465 nil
651 3405 742 3483 fleas,
764 3406 872 3465 viator.

718 3536 826 3598 XXIX.

334 3634 404 3694 Non
420 3634 459 3694 de
475 3633 569 3715 plebe
585 3634 709 3711 domus,
731 3651 789 3693 nec
805 3651 911 3693 avarae
927 3651 1022 3693 verna
1037 3636 1187 3714 catanae,

377 3718 440 3778 Sed
455 3718 569 3778 domini
583 3723 689 3778 sancto
708 3716 817 3796 dignus
833 3737 937 3778 amore
950 3736 1045 3798 puer,
