3434 4575
550 844 596 916 n.
619 841 723 916 ιιι.
746 840 1004 919 nannius
1118 811 1125 822 ’

463 1012 1094 1112 ιιιιιιιιιιιιιιι
1196 1134 1200 1141 ‚

697 1207 860 1276 imula

762 1415 784 1476 1.

338 1501 482 1595 Barbara
496 1529 689 1612 pyramidum
703 1527 796 1590 sileat
810 1529 959 1591 miracula
972 1532 1145 1613 Memphin,
1159 1573 1163 1580 ι

381 1616 528 1695 Assyrius
542 1616 638 1675 iactet
652 1633 711 1674 nec
726 1611 884 1693 Babylona
896 1613 1003 1690 labor;

337 1701 404 1762 Nec
420 1700 546 1760 Triuiae
561 1697 678 1778 templo
694 1695 807 1757 molles
821 1695 989 1759 laudentur
1003 1700 1109 1780 lones,

380 1781 562 1844 Dimimulet
576 1782 678 1842 Delon
694 1782 839 1841 cornibus
854 1802 907 1841 ara
920 1783 1086 1861 frequenr;

309 1870 421 1932 odire
436 1886 495 1928 uec
509 1886 604 1927 vacuo
619 1864 789 1947 pendentia
800 1865 961 1927 Mausolea

381 1951 538 2012 Laudibus
549 1949 722 2011 immodicis
737 1949 834 2010 Cares
848 1952 882 2009 in
896 1955 978 2010 antra
991 1950 1103 2012 ferant.

338 2036 446 2097 Omnia
459 2036 613 2096 Caesareo
627 2032 711 2095 cedit
724 2032 814 2094 labor
827 2035 1083 2114 Amphitheatro,

380 2121 482 2180 Unum
494 2138 552 2199 pro
568 2121 686 2179 cunctis
698 2119 778 2178 fama
790 2116 938 2198 loquetur
953 2138 1037 2199 opus.

757 2252 792 2313 11.

337 2372 399 2431 Hic
412 2372 465 2431 ubi
481 2369 623 2430 sidereus
635 2371 764 2450 propina
778 2369 864 2431 videt
879 2376 961 2430 aetra
976 2368 1111 2433 colorrur

378 2456 421 2516 Et
435 2459 580 2514 crescunt
590 2453 691 2514 media
705 2460 847 2534 pegmata
861 2452 944 2537 celsa
954 2455 1019 2533 aia,
1060 2503 1064 2510 .

337 2537 491 2600 Inuidiosa
501 2538 563 2598 feri
578 2537 739 2598 radiabant
754 2540 831 2597 atria
849 2539 933 2617 regia

379 2622 510 2702 Unaque
524 2624 585 2681 iam
598 2627 664 2681 tota
676 2622 778 2681 stabat
791 2622 825 2680 in
838 2623 916 2681 urbe
933 2620 1049 2686 domur.

308 2706 398 2768 oilie
412 2707 466 2765 ubi
480 2707 638 2786 conspicui
652 2703 1086 2785 venerabilir.Amphitheatri

379 2790 520 2867 Erigitur
533 2788 647 2868 moles,
669 2794 776 2866 stagna
787 2788 922 2850 Neronia
937 2798 1036 2854 erant.

336 2873 398 2933 Hic
412 2873 465 2931 ubi
480 2874 625 2933 miramur
636 2869 755 2933 velocia
771 2892 898 2933 munera
912 2875 1066 2955 thermae,

378 2955 561 3017 Abstulerat
575 2957 697 3018 miseria
710 2962 795 3018 tacta
808 2958 958 3038 superbus
970 2977 1052 3039 ager.

300 3073 303 3084 ·
338 3038 467 3099 Claudia
480 3039 607 3101 diffusae
621 3041 673 3101 ubi
685 3042 824 3121 porticus
839 3039 974 3122 explicat
986 3046 1125 3123 umbrae,

297 3133 329 3186 10
378 3122 495 3183 Ultima
509 3144 581 3205 para
594 3123 680 3185 aulae
693 3124 867 3185 deficientia
883 3133 958 3191 erat.

335 3205 471 3268 Reddita
483 3208 580 3268 Roma
593 3209 653 3269 cibi
666 3214 714 3269 eat
729 3215 761 3270 et
774 3215 845 3269 runt
857 3216 890 3270 te
903 3209 1064 3290 praecide,
1087 3197 1216 3292 caeru,

380 3290 519 3352 Deliciae
531 3290 656 3373 populi,
675 3311 752 3371 quac
763 3294 889 3355 fucrant
904 3293 1028 3357 domini.

746 3427 795 3489 111.

336 3540 423 3617 Quae
437 3548 499 3601 tam
512 3542 648 3622 reponite
664 3549 727 3621 eat,
751 3562 828 3623 quae
838 3561 915 3623 gena
926 3551 987 3606 tam
999 3546 1144 3627 barbara,
1168 3547 1292 3628 Cacsar,

291 3625 427 3770 Mra?
440 3644 498 3704 qua
512 3632 669 3706 spectator
680 3645 742 3687 non
754 3628 838 3687 sitin
850 3630 929 3689 urbe
940 3630 1015 3689 tua?
1067 3713 1082 3773 1
