3434 4575
357 463 400 525 9⁰
678 464 721 523 bl
739 463 831 524 VAL.
849 463 1074 523 summm

440 617 507 678 Vse
522 615 693 694 glsbnris,
715 635 770 675 use
784 618 841 675 tibi
856 614 993 675 miselle:

443 699 561 760 Nudam
576 710 609 759 te
626 708 742 760 statuet
756 710 826 759 tuns
841 700 1009 780 Lupercus.

825 834 934 896 XXIX

442 947 568 1023 Obstat,
590 965 662 1007 cere
676 947 817 1027 Pudens,
838 951 954 1008 nostris
969 969 1023 1008 sus
1037 951 1129 1010 turbs
1141 948 1266 1011 libellis

483 1032 710 1110 Lectoremque
725 1033 875 1109 frequens
889 1031 986 1092 lasset
999 1041 1033 1093 ct
1046 1031 1157 1114 implet
1171 1054 1260 1114 opu.

439 1116 520 1176 liare
533 1118 652 1176 iuvant:
673 1118 781 1195 primis
796 1118 840 1176 sic
852 1118 949 1176 maior
964 1119 1061 1195 gratis
1075 1119 1193 1198 pomis,

483 1201 642 1259 Hibernae
656 1203 791 1280 pretinm
807 1201 852 1259 sic
867 1219 1011 1260 meruere
1025 1221 1132 1276 rosse3

415 1283 494 1344 ssic
510 1282 721 1363 spoliatricem
737 1284 931 1344 commendet
943 1285 1042 1345 iustus
1056 1287 1200 1363 amicum,

481 1369 573 1427 lanus
587 1386 646 1427 nec
660 1370 801 1427 iuvenem
816 1388 940 1448 semper
955 1378 1062 1449 apertu
1075 1378 1189 1430 tenet·

441 1452 570 1530 Saepius
584 1454 618 1510 in
630 1449 713 1511 libro
728 1464 907 1512 numeretur
921 1454 1047 1513 Persius
1061 1473 1139 1530 unu,

482 1536 578 1611 Quem
590 1534 668 1595 levis
683 1537 716 1594 in
728 1543 794 1595 totu
809 1537 932 1596 blarsus
945 1536 1141 1597 Amuonide.

441 1618 491 1678 Tu
507 1639 629 1699 quoque
644 1619 683 1678 de
698 1622 813 1679 nostris
828 1620 951 1699 releges
966 1639 1181 1700 quemcunque
1194 1620 1336 1700 libellis,

398 1714 432 1765 10
479 1703 558 1763 Esse
572 1713 646 1784 puts
661 1702 774 1763 solnm:
797 1706 841 1763 sic
855 1707 912 1765 tibi
926 1703 1026 1784 pluris
1040 1706 1111 1764 erit.

830 1838 925 1899 XXX.

440 1951 554 2009 Baiano
568 1949 679 2030 procul
695 1950 794 2010 nlacu
810 1951 943 2027 recede,

440 2034 598 2108 Piscator3
620 2035 711 2112 fuge,
733 2053 773 2094 ue
788 2052 904 2094 nocens
918 2033 1058 2094 recedas.

441 2118 544 2177 Sacris
557 2119 693 2198 piscibus
708 2118 768 2177 bse
782 2124 927 2176 natentur
941 2116 1057 2194 undae,

440 2202 500 2276 Qui
515 2209 630 2260 norunt
644 2201 798 2260 dominum
813 2219 994 2279 manumque
1008 2200 1147 2259 lambunt

418 2284 543 2362 sillum,
565 2305 625 2363 qus
639 2283 719 2343 nihil
735 2285 832 2343 estin
846 2284 923 2343 urbe
938 2285 1042 2345 maius.

440 2368 537 2444 Quid,
561 2368 644 2446 qnod
658 2386 770 2427 nomen
785 2368 902 2427 hebent
915 2376 950 2427 et
963 2368 1002 2427 sd
1016 2367 1156 2446 magistri

440 2453 557 2515 Vocem
573 2452 703 2530 quisque
720 2453 766 2511 sni
781 2452 866 2511 venit
880 2451 1013 2511 citatus?

440 2535 509 2595 Hoc
524 2533 674 2613 quondam
690 2536 785 2614 Libys
798 2536 909 2614 impius
924 2534 1095 2615 profundo,

439 2619 518 2678 Dum
533 2619 680 2697 praedem
696 2617 812 2678 calamo
828 2626 984 2677 tremente
999 2617 1100 2696 ducit,

399 2702 547 2782 loRuptis
562 2700 728 2762 luminibus
744 2709 876 2781 repente
892 2720 1000 2760 caecus
1024 2743 1027 2747 ·

441 2786 569 2865 Captum
585 2805 646 2844 non
661 2787 763 2863 potuit
776 2784 884 2844 videre
897 2786 1029 2863 piscem,

438 2870 480 2929 Et
494 2887 574 2928 nunc
589 2868 755 2946 sacrilegos
769 2886 900 2947 perosus
914 2868 1019 2926 hamos

439 2954 569 3011 Baianos
583 2950 673 3010 sedet
688 2951 727 3009 sd
741 2948 827 3009 lucus
842 2958 977 3027 rogator.

439 3036 482 3095 At
495 3043 546 3111 tn,
570 3033 641 3092 dum
656 3042 764 3112 potes,
786 3035 936 3091 innocens
950 3030 1065 3093 recede

399 3119 529 3181 lulactIs
544 3114 734 3197 simplicibus
750 3116 826 3175 cibis
840 3116 873 3172 in
887 3114 998 3192 undas,

341 3268 343 3273 ,
439 3202 482 3262 Et
494 3201 596 3281 pissce
611 3217 761 3269 venerere
777 3197 935 3259 delicatos.

821 3328 930 3390 XXXI.

441 3446 532 3524 Quod
546 3448 632 3527 cupis
646 3449 679 3505 in
692 3446 808 3504 nostris
824 3442 955 3518 dicique·
961 3439 1087 3518 legique
1101 3439 1219 3501 libellis

479 3531 523 3591 Et
536 3528 702 3589 nonnullus
716 3529 815 3588 hunos
829 3524 969 3584 creditur
982 3524 1041 3581 iste
1056 3523 1130 3600 tibi,

438 3614 486 3673 Ne
501 3612 633 3690 valeam,
653 3613 680 3671 si
695 3630 756 3669 non
769 3628 822 3669 res
836 3612 886 3667 est
901 3606 1071 3681 gratissima
1085 3608 1176 3667 nobis

480 3696 523 3756 Et
537 3694 607 3756 volo
622 3703 655 3755 te
669 3693 785 3754 chartis
798 3689 967 3750 inseruisse
978 3688 1064 3747 meis.
