<?xml version="1.0" encoding="UTF-8"?>
<!DOCTYPE html PUBLIC "-//W3C//DTD XHTML 1.0 Transitional//EN"
    "http://www.w3.org/TR/xhtml1/DTD/xhtml1-transitional.dtd">
<html xmlns="http://www.w3.org/1999/xhtml" xml:lang="en" lang="en">
 <head>
  <title>
</title>
<meta http-equiv="Content-Type" content="text/html;charset=utf-8" />
  <meta name='ocr-system' content='tesseract 3.04.00' />
  <meta name='ocr-capabilities' content='ocr_page ocr_carea ocr_par ocr_line ocrx_word'/>
</head>
<body>
  <div class='ocr_page' id='page_1' title='image "./satirarumlibriq00juvegoog_0105.png"; bbox 0 0 3434 4575; ppageno 0'>
   <div class='ocr_carea' id='block_1_1' title="bbox 714 461 895 507">
    <p class='ocr_par' dir='ltr' id='par_1_1' title="bbox 714 461 895 507">
     <span class='ocr_line' id='line_1_1' title="bbox 714 461 895 507; baseline -0.006 0"><span class='ocrx_word' id='word_1_1' title='bbox 714 461 838 507; x_wconf 75' lang='lat' dir='ltr'><strong>8ther</strong></span> <span class='ocrx_word' id='word_1_2' title='bbox 863 461 895 507; x_wconf 77' lang='lat' dir='ltr'><strong>X.</strong></span> 
     </span>
    </p>
   </div>
   <div class='ocr_carea' id='block_1_2' title="bbox 321 600 1315 1103">
    <p class='ocr_par' dir='ltr' id='par_1_2' title="bbox 326 600 967 682">
     <span class='ocr_line' id='line_1_2' title="bbox 326 600 967 682; baseline -0.005 -18"><span class='ocrx_word' id='word_1_3' title='bbox 326 603 360 664; x_wconf 92' lang='lat' dir='ltr'><strong>llt</strong></span> <span class='ocrx_word' id='word_1_4' title='bbox 381 603 480 682; x_wconf 85' lang='lat' dir='ltr'><strong>pueris</strong></span> <span class='ocrx_word' id='word_1_5' title='bbox 506 602 625 680; x_wconf 79' lang='lat' dir='ltr'><strong>placeas</strong></span> <span class='ocrx_word' id='word_1_6' title='bbox 649 609 678 661; x_wconf 92' lang='lat' dir='ltr'><strong>et</strong></span> <span class='ocrx_word' id='word_1_7' title='bbox 700 601 874 661; x_wconf 80' lang='lat' dir='ltr'><strong>declamatio</strong></span> <span class='ocrx_word' id='word_1_8' title='bbox 899 600 967 661; x_wconf 89' lang='lat' dir='ltr'><strong>lias!</strong></span> 
     </span>
    </p>

    <p class='ocr_par' dir='ltr' id='par_1_3' title="bbox 325 683 994 754">
     <span class='ocr_line' id='line_1_3' title="bbox 325 683 994 754; baseline -0.009 -6"><span class='ocrx_word' id='word_1_9' title='bbox 325 685 401 748; x_wconf 87' lang='lat' dir='ltr'><strong>llnus</strong></span> <span class='ocrx_word' id='word_1_10' title='bbox 423 684 545 747; x_wconf 84' lang='lat' dir='ltr'><strong>l’ellaeo</strong></span> <span class='ocrx_word' id='word_1_11' title='bbox 568 687 664 746; x_wconf 85' lang='lat' dir='ltr'><strong>iuveni</strong></span> <span class='ocrx_word' id='word_1_12' title='bbox 689 703 746 748; x_wconf 88' lang='lat' dir='ltr'><strong>nou</strong></span> <span class='ocrx_word' id='word_1_13' title='bbox 768 684 877 744; x_wconf 79' lang='lat' dir='ltr'><strong>suflicit</strong></span> <span class='ocrx_word' id='word_1_14' title='bbox 899 683 994 754; x_wconf 79' lang='lat' dir='ltr'><strong>orbis3</strong></span> 
     </span>
    </p>

    <p class='ocr_par' dir='ltr' id='par_1_4' title="bbox 324 767 953 848">
     <span class='ocr_line' id='line_1_4' title="bbox 324 767 953 848; baseline -0.01 -16"><span class='ocrx_word' id='word_1_15' title='bbox 324 771 445 832; x_wconf 78' lang='lat' dir='ltr'><strong>Aestuat</strong></span> <span class='ocrx_word' id='word_1_16' title='bbox 465 768 567 831; x_wconf 80' lang='lat' dir='ltr'>infelix</span> <span class='ocrx_word' id='word_1_17' title='bbox 590 779 712 848; x_wconf 79' lang='lat' dir='ltr'><strong>angusto</strong></span> <span class='ocrx_word' id='word_1_18' title='bbox 733 769 823 830; x_wconf 90' lang='lat' dir='ltr'><strong>limitc</strong></span> <span class='ocrx_word' id='word_1_19' title='bbox 847 767 953 843; x_wconf 89' lang='lat' dir='ltr'><strong>rnundl,</strong></span> 
     </span>
    </p>

    <p class='ocr_par' dir='ltr' id='par_1_5' title="bbox 321 853 1315 1103">
     <span class='ocr_line' id='line_1_5' title="bbox 323 853 1315 933; baseline -0.001 -16"><span class='ocrx_word' id='word_1_20' title='bbox 323 855 359 917; x_wconf 86' lang='lat' dir='ltr'><strong>Ut</strong></span> <span class='ocrx_word' id='word_1_21' title='bbox 384 854 472 931; x_wconf 74' lang='lat' dir='ltr'><strong>Gyari</strong></span> <span class='ocrx_word' id='word_1_22' title='bbox 497 853 613 915; x_wconf 90' lang='lat' dir='ltr'><strong>clausus</strong></span> <span class='ocrx_word' id='word_1_23' title='bbox 637 854 768 933; x_wconf 87' lang='lat' dir='ltr'><strong>scopulis</strong></span> <span class='ocrx_word' id='word_1_24' title='bbox 792 871 940 932; x_wconf 88' lang='lat' dir='ltr'><strong>parvaque</strong></span> <span class='ocrx_word' id='word_1_25' title='bbox 964 853 1107 932; x_wconf 91' lang='lat' dir='ltr'><strong>Seripho:</strong></span> <span class='ocrx_word' id='word_1_26' title='bbox 1265 863 1315 920; x_wconf 81' lang='grc'><strong>171</strong></span> 
     </span>
     <span class='ocr_line' id='line_1_6' title="bbox 323 936 1164 1016; baseline -0.004 -16"><span class='ocrx_word' id='word_1_27' title='bbox 323 938 414 1014; x_wconf 84' lang='lat' dir='ltr'><strong>Quum</strong></span> <span class='ocrx_word' id='word_1_28' title='bbox 440 948 536 999; x_wconf 86' lang='lat' dir='ltr'><strong>tamen</strong></span> <span class='ocrx_word' id='word_1_29' title='bbox 562 957 578 1000; x_wconf 90' lang='lat' dir='ltr'><strong>a</strong></span> <span class='ocrx_word' id='word_1_30' title='bbox 605 938 701 1016; x_wconf 78' lang='lat' dir='ltr'><strong>figulis</strong></span> <span class='ocrx_word' id='word_1_31' title='bbox 724 940 856 998; x_wconf 89' lang='lat' dir='ltr'><strong>munitam</strong></span> <span class='ocrx_word' id='word_1_32' title='bbox 882 938 1031 998; x_wconf 80' lang='lat' dir='ltr'><strong>intraverit</strong></span> <span class='ocrx_word' id='word_1_33' title='bbox 1054 936 1164 1012; x_wconf 90' lang='lat' dir='ltr'><strong>urbem,</strong></span> 
     </span>
     <span class='ocr_line' id='line_1_7' title="bbox 321 1020 1117 1103; baseline -0.006 -18"><span class='ocrx_word' id='word_1_34' title='bbox 321 1024 514 1103; x_wconf 77' lang='lat' dir='ltr'><strong>Sarcophago</strong></span> <span class='ocrx_word' id='word_1_35' title='bbox 537 1031 691 1083; x_wconf 91' lang='lat' dir='ltr'><strong>contentus</strong></span> <span class='ocrx_word' id='word_1_36' title='bbox 717 1024 781 1082; x_wconf 88' lang='lat' dir='ltr'><strong>erit.</strong></span> <span class='ocrx_word' id='word_1_37' title='bbox 814 1020 894 1081; x_wconf 86' lang='lat' dir='ltr'><strong>llors</strong></span> <span class='ocrx_word' id='word_1_38' title='bbox 916 1020 979 1082; x_wconf 93' lang='lat' dir='ltr'><strong>sola</strong></span> <span class='ocrx_word' id='word_1_39' title='bbox 1001 1021 1117 1100; x_wconf 88' lang='lat' dir='ltr'><strong>latetur,</strong></span> 
     </span>
    </p>
   </div>
   <div class='ocr_carea' id='block_1_3' title="bbox 319 1105 1315 3801">
    <p class='ocr_par' dir='ltr' id='par_1_6' title="bbox 319 1105 1315 2367">
     <span class='ocr_line' id='line_1_8' title="bbox 322 1105 1186 1185; baseline -0.002 -17"><span class='ocrx_word' id='word_1_40' title='bbox 322 1107 465 1183; x_wconf 84' lang='lat' dir='ltr'><strong>Quantula</strong></span> <span class='ocrx_word' id='word_1_41' title='bbox 493 1108 549 1166; x_wconf 92' lang='lat' dir='ltr'><strong>sint</strong></span> <span class='ocrx_word' id='word_1_42' title='bbox 571 1107 714 1168; x_wconf 88' lang='lat' dir='ltr'><strong>hominum</strong></span> <span class='ocrx_word' id='word_1_43' title='bbox 738 1106 923 1185; x_wconf 87' lang='lat' dir='ltr'><strong>corpuscula.</strong></span> <span class='ocrx_word' id='word_1_44' title='bbox 962 1105 1096 1167; x_wconf 79' lang='lat' dir='ltr'><strong>Creditur</strong></span> <span class='ocrx_word' id='word_1_45' title='bbox 1119 1106 1186 1166; x_wconf 93' lang='lat' dir='ltr'><strong>olim</strong></span> 
     </span>
     <span class='ocr_line' id='line_1_9' title="bbox 321 1190 1119 1270; baseline -0.004 -18"><span class='ocrx_word' id='word_1_46' title='bbox 321 1191 493 1253; x_wconf 85' lang='lat' dir='ltr'><strong>Velillcutus</strong></span> <span class='ocrx_word' id='word_1_47' title='bbox 516 1191 609 1252; x_wconf 80' lang='lat' dir='ltr'><strong>Athos</strong></span> <span class='ocrx_word' id='word_1_48' title='bbox 634 1201 663 1252; x_wconf 90' lang='lat' dir='ltr'><strong>et</strong></span> <span class='ocrx_word' id='word_1_49' title='bbox 686 1190 823 1270; x_wconf 88' lang='lat' dir='ltr'><strong>quidquid</strong></span> <span class='ocrx_word' id='word_1_50' title='bbox 848 1190 971 1251; x_wconf 84' lang='lat' dir='ltr'><strong>Graccln</strong></span> <span class='ocrx_word' id='word_1_51' title='bbox 993 1191 1119 1250; x_wconf 90' lang='lat' dir='ltr'><strong>mendax</strong></span> 
     </span>
     <span class='ocr_line' id='line_1_10' title="bbox 322 1274 1315 1351; baseline -0.001 -13"><span class='ocrx_word' id='word_1_52' title='bbox 322 1277 418 1338; x_wconf 79' lang='lat' dir='ltr'><strong>Audet</strong></span> <span class='ocrx_word' id='word_1_53' title='bbox 440 1277 468 1335; x_wconf 92' lang='lat' dir='ltr'><strong>ln</strong></span> <span class='ocrx_word' id='word_1_54' title='bbox 491 1275 627 1351; x_wconf 85' lang='lat' dir='ltr'><strong>historia,</strong></span> <span class='ocrx_word' id='word_1_55' title='bbox 651 1284 827 1336; x_wconf 90' lang='lat' dir='ltr'><strong>constratum</strong></span> <span class='ocrx_word' id='word_1_56' title='bbox 850 1274 994 1335; x_wconf 87' lang='lat' dir='ltr'><strong>classibus</strong></span> <span class='ocrx_word' id='word_1_57' title='bbox 1017 1275 1108 1335; x_wconf 91' lang='lat' dir='ltr'><strong>isdem</strong></span> <span class='ocrx_word' id='word_1_58' title='bbox 1264 1282 1315 1337; x_wconf 79' lang='lat' dir='ltr'><strong>lit</strong></span> 
     </span>
     <span class='ocr_line' id='line_1_11' title="bbox 321 1358 1204 1440; baseline -0.005 -18"><span class='ocrx_word' id='word_1_59' title='bbox 321 1360 568 1440; x_wconf 80' lang='lat' dir='ltr'><strong>Supposimmque</strong></span> <span class='ocrx_word' id='word_1_60' title='bbox 592 1361 663 1420; x_wconf 90' lang='lat' dir='ltr'><strong>rotis</strong></span> <span class='ocrx_word' id='word_1_61' title='bbox 688 1358 810 1420; x_wconf 91' lang='lat' dir='ltr'><strong>solidum</strong></span> <span class='ocrx_word' id='word_1_62' title='bbox 835 1376 931 1428; x_wconf 89' lang='lat' dir='ltr'><strong>mare;</strong></span> <span class='ocrx_word' id='word_1_63' title='bbox 960 1361 1106 1420; x_wconf 86' lang='lat' dir='ltr'><strong>credimus</strong></span> <span class='ocrx_word' id='word_1_64' title='bbox 1129 1359 1204 1418; x_wconf 90' lang='lat' dir='ltr'><strong>altos</strong></span> 
     </span>
     <span class='ocr_line' id='line_1_12' title="bbox 321 1443 1025 1524; baseline -0.004 -19"><span class='ocrx_word' id='word_1_65' title='bbox 321 1444 479 1505; x_wconf 88' lang='lat' dir='ltr'><strong>llelecisse</strong></span> <span class='ocrx_word' id='word_1_66' title='bbox 502 1462 602 1505; x_wconf 88' lang='lat' dir='ltr'><strong>amnes</strong></span> <span class='ocrx_word' id='word_1_67' title='bbox 627 1455 773 1524; x_wconf 86' lang='lat' dir='ltr'><strong>epotaque</strong></span> <span class='ocrx_word' id='word_1_68' title='bbox 797 1443 911 1504; x_wconf 89' lang='lat' dir='ltr'><strong>domina</strong></span> <span class='ocrx_word' id='word_1_69' title='bbox 938 1443 1025 1505; x_wconf 87' lang='lat' dir='ltr'><strong>bledo</strong></span> 
     </span>
     <span class='ocr_line' id='line_1_13' title="bbox 323 1529 1185 1608; baseline -0.007 -18"><span class='ocrx_word' id='word_1_70' title='bbox 323 1529 501 1605; x_wconf 84' lang='lat' dir='ltr'><strong>Prandente,</strong></span> <span class='ocrx_word' id='word_1_71' title='bbox 526 1538 555 1590; x_wconf 91' lang='lat' dir='ltr'><strong>et</strong></span> <span class='ocrx_word' id='word_1_72' title='bbox 581 1529 703 1591; x_wconf 87' lang='lat' dir='ltr'><strong>madidis</strong></span> <span class='ocrx_word' id='word_1_73' title='bbox 731 1537 825 1588; x_wconf 90' lang='lat' dir='ltr'><strong>cantat</strong></span> <span class='ocrx_word' id='word_1_74' title='bbox 849 1546 924 1608; x_wconf 88' lang='lat' dir='ltr'><strong>quac</strong></span> <span class='ocrx_word' id='word_1_75' title='bbox 951 1529 1099 1588; x_wconf 86' lang='lat' dir='ltr'><strong>Sostratus</strong></span> <span class='ocrx_word' id='word_1_76' title='bbox 1123 1529 1185 1588; x_wconf 86' lang='lat' dir='ltr'><strong>alis.</strong></span> 
     </span>
     <span class='ocr_line' id='line_1_14' title="bbox 320 1612 1026 1694; baseline -0.001 -20"><span class='ocrx_word' id='word_1_77' title='bbox 320 1613 375 1674; x_wconf 89' lang='lat' dir='ltr'><strong>llle</strong></span> <span class='ocrx_word' id='word_1_78' title='bbox 398 1622 494 1673; x_wconf 87' lang='lat' dir='ltr'><strong>tamen</strong></span> <span class='ocrx_word' id='word_1_79' title='bbox 517 1613 611 1694; x_wconf 88' lang='lat' dir='ltr'><strong>qualis</strong></span> <span class='ocrx_word' id='word_1_80' title='bbox 636 1613 721 1673; x_wconf 87' lang='lat' dir='ltr'><strong>rediit</strong></span> <span class='ocrx_word' id='word_1_81' title='bbox 745 1612 889 1673; x_wconf 86' lang='lat' dir='ltr'><strong>Salamine</strong></span> <span class='ocrx_word' id='word_1_82' title='bbox 913 1613 1026 1690; x_wconf 87' lang='lat' dir='ltr'><strong>relicta,</strong></span> 
     </span>
     <span class='ocr_line' id='line_1_15' title="bbox 321 1694 1314 1776; baseline 0.002 -18"><span class='ocrx_word' id='word_1_83' title='bbox 321 1697 352 1758; x_wconf 92' lang='lat' dir='ltr'><strong>ln</strong></span> <span class='ocrx_word' id='word_1_84' title='bbox 380 1694 488 1758; x_wconf 82' lang='lat' dir='ltr'><strong>Corum</strong></span> <span class='ocrx_word' id='word_1_85' title='bbox 511 1707 598 1776; x_wconf 89' lang='lat' dir='ltr'><strong>atque</strong></span> <span class='ocrx_word' id='word_1_86' title='bbox 625 1695 731 1757; x_wconf 82' lang='lat' dir='ltr'><strong>Eurum</strong></span> <span class='ocrx_word' id='word_1_87' title='bbox 758 1696 861 1756; x_wconf 91' lang='lat' dir='ltr'><strong>solitus</strong></span> <span class='ocrx_word' id='word_1_88' title='bbox 885 1698 1000 1757; x_wconf 82' lang='lat' dir='ltr'><strong>saevire</strong></span> <span class='ocrx_word' id='word_1_89' title='bbox 1027 1695 1152 1774; x_wconf 79' lang='lat' dir='ltr'><strong>llagellis</strong></span> <span class='ocrx_word' id='word_1_90' title='bbox 1263 1707 1314 1761; x_wconf 83' lang='lat'><strong>180</strong></span> 
     </span>
     <span class='ocr_line' id='line_1_16' title="bbox 321 1781 1216 1861; baseline -0.004 -19"><span class='ocrx_word' id='word_1_91' title='bbox 321 1781 482 1858; x_wconf 77' lang='lat' dir='ltr'><strong>barbams,</strong></span> <span class='ocrx_word' id='word_1_92' title='bbox 508 1782 615 1842; x_wconf 79' lang='lat' dir='ltr'><strong>Aeolio</strong></span> <span class='ocrx_word' id='word_1_93' title='bbox 641 1800 792 1861; x_wconf 90' lang='lat' dir='ltr'><strong>numquam</strong></span> <span class='ocrx_word' id='word_1_94' title='bbox 817 1782 875 1841; x_wconf 87' lang='lat' dir='ltr'><strong>hoc</strong></span> <span class='ocrx_word' id='word_1_95' title='bbox 899 1782 926 1839; x_wconf 91' lang='lat' dir='ltr'><strong>in</strong></span> <span class='ocrx_word' id='word_1_96' title='bbox 952 1799 1075 1841; x_wconf 89' lang='lat' dir='ltr'><strong>carcere</strong></span> <span class='ocrx_word' id='word_1_97' title='bbox 1100 1799 1216 1859; x_wconf 85' lang='lat' dir='ltr'><strong>passos,</strong></span> 
     </span>
     <span class='ocr_line' id='line_1_17' title="bbox 323 1862 1119 1946; baseline -0.005 -18"><span class='ocrx_word' id='word_1_98' title='bbox 323 1865 417 1945; x_wconf 86' lang='lat' dir='ltr'><strong>lpsum</strong></span> <span class='ocrx_word' id='word_1_99' title='bbox 441 1865 632 1945; x_wconf 87' lang='lat' dir='ltr'><strong>compedibus</strong></span> <span class='ocrx_word' id='word_1_100' title='bbox 654 1870 701 1946; x_wconf 89' lang='lat' dir='ltr'><strong>qui</strong></span> <span class='ocrx_word' id='word_1_101' title='bbox 726 1867 859 1926; x_wconf 86' lang='lat' dir='ltr'><strong>vinxerat</strong></span> <span class='ocrx_word' id='word_1_102' title='bbox 881 1862 1119 1942; x_wconf 76' lang='lat' dir='ltr'><strong>Ennosigaeum?</strong></span> 
     </span>
     <span class='ocr_line' id='line_1_18' title="bbox 322 1948 1132 2030; baseline -0.005 -19"><span class='ocrx_word' id='word_1_103' title='bbox 322 1948 417 2012; x_wconf 80' lang='lat' dir='ltr'><strong>llilius</strong></span> <span class='ocrx_word' id='word_1_104' title='bbox 444 1950 471 2010; x_wconf 88' lang='lat' dir='ltr'><strong>id</strong></span> <span class='ocrx_word' id='word_1_105' title='bbox 495 1969 582 2020; x_wconf 89' lang='lat' dir='ltr'><strong>sane;</strong></span> <span class='ocrx_word' id='word_1_106' title='bbox 607 1948 696 2030; x_wconf 81' lang='lat' dir='ltr'><strong>quid‘l</strong></span> <span class='ocrx_word' id='word_1_107' title='bbox 722 1969 779 2009; x_wconf 92' lang='lat' dir='ltr'><strong>non</strong></span> <span class='ocrx_word' id='word_1_108' title='bbox 805 1959 833 2009; x_wconf 88' lang='lat' dir='ltr'><strong>et</strong></span> <span class='ocrx_word' id='word_1_109' title='bbox 858 1951 991 2026; x_wconf 81' lang='lat' dir='ltr'><strong>stigmate</strong></span> <span class='ocrx_word' id='word_1_110' title='bbox 1018 1949 1132 2026; x_wconf 83' lang='lat' dir='ltr'><strong>dignum</strong></span> 
     </span>
     <span class='ocr_line' id='line_1_19' title="bbox 322 2031 1161 2115; baseline -0.005 -19"><span class='ocrx_word' id='word_1_111' title='bbox 322 2032 474 2097; x_wconf 77' lang='lat' dir='ltr'><strong>Credidit?</strong></span> <span class='ocrx_word' id='word_1_112' title='bbox 496 2034 564 2096; x_wconf 85' lang='lat' dir='ltr'><strong>bulo</strong></span> <span class='ocrx_word' id='word_1_113' title='bbox 590 2036 742 2115; x_wconf 92' lang='lat' dir='ltr'><strong>quisquam</strong></span> <span class='ocrx_word' id='word_1_114' title='bbox 765 2034 857 2096; x_wconf 84' lang='lat' dir='ltr'><strong>vellet</strong></span> <span class='ocrx_word' id='word_1_115' title='bbox 881 2035 994 2093; x_wconf 87' lang='lat' dir='ltr'><strong>servire</strong></span> <span class='ocrx_word' id='word_1_116' title='bbox 1018 2031 1161 2093; x_wconf 79' lang='lat' dir='ltr'><strong>deorum?</strong></span> 
     </span>
     <span class='ocr_line' id='line_1_20' title="bbox 321 2117 1312 2200; baseline -0.006 -20"><span class='ocrx_word' id='word_1_117' title='bbox 321 2119 380 2181; x_wconf 85' lang='lat' dir='ltr'><strong>Sed</strong></span> <span class='ocrx_word' id='word_1_118' title='bbox 405 2121 501 2200; x_wconf 88' lang='lat' dir='ltr'><strong>qualis</strong></span> <span class='ocrx_word' id='word_1_119' title='bbox 522 2117 631 2182; x_wconf 79' lang='lat' dir='ltr'><strong>rediit?</strong></span> <span class='ocrx_word' id='word_1_120' title='bbox 656 2139 762 2198; x_wconf 85' lang='lat' dir='ltr'><strong>nempe</strong></span> <span class='ocrx_word' id='word_1_121' title='bbox 786 2138 840 2179; x_wconf 92' lang='lat' dir='ltr'><strong>una</strong></span> <span class='ocrx_word' id='word_1_122' title='bbox 865 2137 954 2195; x_wconf 88' lang='lat' dir='ltr'><strong>nave,</strong></span> <span class='ocrx_word' id='word_1_123' title='bbox 984 2119 1110 2178; x_wconf 89' lang='lat' dir='ltr'><strong>cruentis</strong></span> <span class='ocrx_word' id='word_1_124' title='bbox 1263 2130 1312 2183; x_wconf 75' lang='lat'><strong>135</strong></span> 
     </span>
     <span class='ocr_line' id='line_1_21' title="bbox 322 2202 1121 2284; baseline -0.003 -21"><span class='ocrx_word' id='word_1_125' title='bbox 322 2202 471 2265; x_wconf 79' lang='lat' dir='ltr'><strong>Fluctibus</strong></span> <span class='ocrx_word' id='word_1_126' title='bbox 495 2221 531 2264; x_wconf 89' lang='lat' dir='ltr'><strong>ac</strong></span> <span class='ocrx_word' id='word_1_127' title='bbox 556 2205 638 2265; x_wconf 88' lang='lat' dir='ltr'><strong>tarda</strong></span> <span class='ocrx_word' id='word_1_128' title='bbox 661 2222 715 2284; x_wconf 89' lang='lat' dir='ltr'><strong>per</strong></span> <span class='ocrx_word' id='word_1_129' title='bbox 738 2203 827 2264; x_wconf 85' lang='lat' dir='ltr'><strong>densa</strong></span> <span class='ocrx_word' id='word_1_130' title='bbox 853 2203 997 2264; x_wconf 86' lang='lat' dir='ltr'><strong>cadavera</strong></span> <span class='ocrx_word' id='word_1_131' title='bbox 1023 2220 1121 2281; x_wconf 91' lang='lat' dir='ltr'><strong>prora.</strong></span> 
     </span>
     <span class='ocr_line' id='line_1_22' title="bbox 319 2286 1003 2367; baseline -0.001 -18"><span class='ocrx_word' id='word_1_132' title='bbox 319 2286 378 2350; x_wconf 88' lang='lat' dir='ltr'><strong>llas</strong></span> <span class='ocrx_word' id='word_1_133' title='bbox 399 2291 487 2350; x_wconf 87' lang='lat' dir='ltr'><strong>toties</strong></span> <span class='ocrx_word' id='word_1_134' title='bbox 507 2299 606 2367; x_wconf 91' lang='lat' dir='ltr'><strong>optata</strong></span> <span class='ocrx_word' id='word_1_135' title='bbox 632 2290 731 2367; x_wconf 79' lang='lat' dir='ltr'><strong>exegit</strong></span> <span class='ocrx_word' id='word_1_136' title='bbox 752 2290 847 2367; x_wconf 82' lang='lat' dir='ltr'><strong>gloria</strong></span> <span class='ocrx_word' id='word_1_137' title='bbox 874 2287 1003 2367; x_wconf 83' lang='lat' dir='ltr'><strong>poenas!</strong></span> 
     </span>
    </p>

    <p class='ocr_par' dir='ltr' id='par_1_7' title="bbox 320 2372 1315 3801">
     <span class='ocr_line' id='line_1_23' title="bbox 360 2372 1185 2452; baseline -0.004 -18"><span class='ocrx_word' id='word_1_138' title='bbox 360 2373 404 2434; x_wconf 89' lang='lat' dir='ltr'><strong>Da</strong></span> <span class='ocrx_word' id='word_1_139' title='bbox 426 2374 548 2452; x_wconf 92' lang='lat' dir='ltr'><strong>spatium</strong></span> <span class='ocrx_word' id='word_1_140' title='bbox 571 2375 664 2449; x_wconf 87' lang='lat' dir='ltr'><strong>vitae,</strong></span> <span class='ocrx_word' id='word_1_141' title='bbox 694 2374 799 2433; x_wconf 93' lang='lat' dir='ltr'><strong>multos</strong></span> <span class='ocrx_word' id='word_1_142' title='bbox 827 2374 881 2449; x_wconf 91' lang='lat' dir='ltr'><strong>da,</strong></span> <span class='ocrx_word' id='word_1_143' title='bbox 905 2372 1056 2451; x_wconf 90' lang='lat' dir='ltr'><strong>luppiter,</strong></span> <span class='ocrx_word' id='word_1_144' title='bbox 1080 2374 1185 2433; x_wconf 85' lang='lat' dir='ltr'><strong>annos!</strong></span> 
     </span>
     <span class='ocr_line' id='line_1_24' title="bbox 322 2457 1131 2536; baseline -0.006 -17"><span class='ocrx_word' id='word_1_145' title='bbox 322 2458 384 2519; x_wconf 89' lang='lat' dir='ltr'><strong>lloo</strong></span> <span class='ocrx_word' id='word_1_146' title='bbox 406 2467 490 2518; x_wconf 92' lang='lat' dir='ltr'><strong>recto</strong></span> <span class='ocrx_word' id='word_1_147' title='bbox 513 2458 610 2533; x_wconf 90' lang='lat' dir='ltr'><strong>vultu,</strong></span> <span class='ocrx_word' id='word_1_148' title='bbox 640 2460 734 2521; x_wconf 90' lang='lat' dir='ltr'><strong>solum</strong></span> <span class='ocrx_word' id='word_1_149' title='bbox 757 2459 814 2518; x_wconf 94' lang='lat' dir='ltr'><strong>hoc</strong></span> <span class='ocrx_word' id='word_1_150' title='bbox 836 2466 866 2517; x_wconf 91' lang='lat' dir='ltr'><strong>et</strong></span> <span class='ocrx_word' id='word_1_151' title='bbox 888 2457 1014 2536; x_wconf 89' lang='lat' dir='ltr'><strong>pallidus</strong></span> <span class='ocrx_word' id='word_1_152' title='bbox 1038 2466 1131 2535; x_wconf 92' lang='lat' dir='ltr'><strong>optas.</strong></span> 
     </span>
     <span class='ocr_line' id='line_1_25' title="bbox 322 2541 1315 2621; baseline -0.001 -19"><span class='ocrx_word' id='word_1_153' title='bbox 322 2544 380 2604; x_wconf 92' lang='lat' dir='ltr'><strong>Sed</strong></span> <span class='ocrx_word' id='word_1_154' title='bbox 409 2560 495 2621; x_wconf 89' lang='lat' dir='ltr'><strong>qnam</strong></span> <span class='ocrx_word' id='word_1_155' title='bbox 518 2543 662 2602; x_wconf 87' lang='lat' dir='ltr'><strong>continuis</strong></span> <span class='ocrx_word' id='word_1_156' title='bbox 687 2551 716 2601; x_wconf 91' lang='lat' dir='ltr'><strong>et</strong></span> <span class='ocrx_word' id='word_1_157' title='bbox 743 2544 854 2621; x_wconf 90' lang='lat' dir='ltr'><strong>quantis</strong></span> <span class='ocrx_word' id='word_1_158' title='bbox 878 2541 966 2619; x_wconf 83' lang='lat' dir='ltr'><strong>longa</strong></span> <span class='ocrx_word' id='word_1_159' title='bbox 989 2551 1128 2601; x_wconf 89' lang='lat' dir='ltr'><strong>senectus</strong></span> <span class='ocrx_word' id='word_1_160' title='bbox 1265 2551 1315 2606; x_wconf 84' lang='lat'><strong>190</strong></span> 
     </span>
     <span class='ocr_line' id='line_1_26' title="bbox 323 2625 1227 2688; baseline -0.007 0"><span class='ocrx_word' id='word_1_161' title='bbox 323 2628 409 2688; x_wconf 85' lang='lat' dir='ltr'><strong>Plena</strong></span> <span class='ocrx_word' id='word_1_162' title='bbox 431 2625 528 2687; x_wconf 86' lang='lat' dir='ltr'><strong>malis!</strong></span> <span class='ocrx_word' id='word_1_163' title='bbox 553 2627 713 2686; x_wconf 89' lang='lat' dir='ltr'><strong>delormcm</strong></span> <span class='ocrx_word' id='word_1_164' title='bbox 736 2635 764 2686; x_wconf 90' lang='lat' dir='ltr'><strong>et</strong></span> <span class='ocrx_word' id='word_1_165' title='bbox 787 2636 891 2686; x_wconf 86' lang='lat' dir='ltr'><strong>tetrum</strong></span> <span class='ocrx_word' id='word_1_166' title='bbox 913 2635 979 2685; x_wconf 87' lang='lat' dir='ltr'><strong>ante</strong></span> <span class='ocrx_word' id='word_1_167' title='bbox 1004 2627 1099 2685; x_wconf 90' lang='lat' dir='ltr'><strong>omnia</strong></span> <span class='ocrx_word' id='word_1_168' title='bbox 1120 2625 1227 2685; x_wconf 89' lang='lat' dir='ltr'><strong>vultum</strong></span> 
     </span>
     <span class='ocr_line' id='line_1_27' title="bbox 322 2710 1139 2790; baseline -0.002 -19"><span class='ocrx_word' id='word_1_169' title='bbox 322 2710 558 2790; x_wconf 79' lang='lat' dir='ltr'><strong>Dissimilemque</strong></span> <span class='ocrx_word' id='word_1_170' title='bbox 584 2712 645 2787; x_wconf 92' lang='lat' dir='ltr'><strong>sui,</strong></span> <span class='ocrx_word' id='word_1_171' title='bbox 670 2711 831 2772; x_wconf 88' lang='lat' dir='ltr'><strong>delormem</strong></span> <span class='ocrx_word' id='word_1_172' title='bbox 858 2727 912 2788; x_wconf 92' lang='lat' dir='ltr'><strong>pro</strong></span> <span class='ocrx_word' id='word_1_173' title='bbox 940 2719 1006 2769; x_wconf 92' lang='lat' dir='ltr'><strong>cute</strong></span> <span class='ocrx_word' id='word_1_174' title='bbox 1031 2710 1139 2789; x_wconf 88' lang='lat' dir='ltr'><strong>pellem</strong></span> 
     </span>
     <span class='ocr_line' id='line_1_28' title="bbox 320 2794 1060 2875; baseline -0.007 -16"><span class='ocrx_word' id='word_1_175' title='bbox 320 2795 545 2875; x_wconf 85' lang='lat' dir='ltr'><strong>Pendentesque</strong></span> <span class='ocrx_word' id='word_1_176' title='bbox 564 2814 657 2873; x_wconf 79' lang='lat' dir='ltr'><strong>genas</strong></span> <span class='ocrx_word' id='word_1_177' title='bbox 679 2804 709 2855; x_wconf 92' lang='lat' dir='ltr'><strong>et</strong></span> <span class='ocrx_word' id='word_1_178' title='bbox 736 2794 812 2855; x_wconf 91' lang='lat' dir='ltr'><strong>tales</strong></span> <span class='ocrx_word' id='word_1_179' title='bbox 833 2795 934 2873; x_wconf 84' lang='lat' dir='ltr'><strong>aspice</strong></span> <span class='ocrx_word' id='word_1_180' title='bbox 961 2812 1060 2872; x_wconf 79' lang='lat' dir='ltr'><strong>rugas,</strong></span> 
     </span>
     <span class='ocr_line' id='line_1_29' title="bbox 323 2876 1146 2958; baseline -0.007 -16"><span class='ocrx_word' id='word_1_181' title='bbox 323 2879 449 2957; x_wconf 85' lang='lat' dir='ltr'><strong>Quales,</strong></span> <span class='ocrx_word' id='word_1_182' title='bbox 478 2879 653 2939; x_wconf 80' lang='lat' dir='ltr'><strong>umbriferos</strong></span> <span class='ocrx_word' id='word_1_183' title='bbox 678 2879 726 2938; x_wconf 93' lang='lat' dir='ltr'><strong>ubi</strong></span> <span class='ocrx_word' id='word_1_184' title='bbox 750 2879 848 2958; x_wconf 92' lang='lat' dir='ltr'><strong>pandit</strong></span> <span class='ocrx_word' id='word_1_185' title='bbox 871 2876 1023 2939; x_wconf 84' lang='lat' dir='ltr'><strong>Thabraca</strong></span> <span class='ocrx_word' id='word_1_186' title='bbox 1046 2878 1146 2954; x_wconf 86' lang='lat' dir='ltr'><strong>saltus,</strong></span> 
     </span>
     <span class='ocr_line' id='line_1_30' title="bbox 324 2963 1314 3043; baseline 0.001 -18"><span class='ocrx_word' id='word_1_187' title='bbox 324 2965 352 3025; x_wconf 97' lang='lat' dir='ltr'><strong>ln</strong></span> <span class='ocrx_word' id='word_1_188' title='bbox 377 2964 475 3025; x_wconf 86' lang='lat' dir='ltr'><strong>vetula</strong></span> <span class='ocrx_word' id='word_1_189' title='bbox 503 2965 609 3043; x_wconf 88' lang='lat' dir='ltr'><strong>scalpit</strong></span> <span class='ocrx_word' id='word_1_190' title='bbox 631 2965 686 3024; x_wconf 88' lang='lat' dir='ltr'><strong>iarn</strong></span> <span class='ocrx_word' id='word_1_191' title='bbox 708 2973 801 3023; x_wconf 88' lang='lat' dir='ltr'><strong>mater</strong></span> <span class='ocrx_word' id='word_1_192' title='bbox 823 2964 905 3025; x_wconf 87' lang='lat' dir='ltr'><strong>sitnia</strong></span> <span class='ocrx_word' id='word_1_193' title='bbox 930 2963 1031 3023; x_wconf 89' lang='lat' dir='ltr'><strong>bucca.</strong></span> <span class='ocrx_word' id='word_1_194' title='bbox 1267 2974 1314 3029; x_wconf 70' lang='lat'><strong>195</strong></span> 
     </span>
     <span class='ocr_line' id='line_1_31' title="bbox 323 3046 1146 3126; baseline -0.002 -17"><span class='ocrx_word' id='word_1_195' title='bbox 323 3050 444 3110; x_wconf 85' lang='lat' dir='ltr'><strong>Plurima</strong></span> <span class='ocrx_word' id='word_1_196' title='bbox 467 3057 531 3107; x_wconf 89' lang='lat' dir='ltr'><strong>sunt</strong></span> <span class='ocrx_word' id='word_1_197' title='bbox 557 3051 691 3108; x_wconf 89' lang='lat' dir='ltr'><strong>iuvenum</strong></span> <span class='ocrx_word' id='word_1_198' title='bbox 718 3048 898 3115; x_wconf 82' lang='lat' dir='ltr'><strong>discrimina:</strong></span> <span class='ocrx_word' id='word_1_199' title='bbox 926 3046 1075 3126; x_wconf 91' lang='lat' dir='ltr'><strong>pulchrior</strong></span> <span class='ocrx_word' id='word_1_200' title='bbox 1096 3046 1146 3107; x_wconf 89' lang='lat' dir='ltr'><strong>ille</strong></span> 
     </span>
     <span class='ocr_line' id='line_1_32' title="bbox 323 3130 1153 3212; baseline -0.004 -19"><span class='ocrx_word' id='word_1_201' title='bbox 323 3132 401 3211; x_wconf 88' lang='lat' dir='ltr'><strong>lloc,</strong></span> <span class='ocrx_word' id='word_1_202' title='bbox 425 3142 513 3212; x_wconf 88' lang='lat' dir='ltr'><strong>utque</strong></span> <span class='ocrx_word' id='word_1_203' title='bbox 535 3132 586 3193; x_wconf 91' lang='lat' dir='ltr'><strong>ille</strong></span> <span class='ocrx_word' id='word_1_204' title='bbox 607 3133 683 3209; x_wconf 91' lang='lat' dir='ltr'><strong>alio,</strong></span> <span class='ocrx_word' id='word_1_205' title='bbox 705 3131 822 3193; x_wconf 89' lang='lat' dir='ltr'><strong>multum</strong></span> <span class='ocrx_word' id='word_1_206' title='bbox 847 3132 894 3192; x_wconf 88' lang='lat' dir='ltr'><strong>hic</strong></span> <span class='ocrx_word' id='word_1_207' title='bbox 918 3131 1065 3191; x_wconf 93' lang='lat' dir='ltr'><strong>robustior</strong></span> <span class='ocrx_word' id='word_1_208' title='bbox 1087 3130 1153 3190; x_wconf 90' lang='lat' dir='ltr'><strong>illo:</strong></span> 
     </span>
     <span class='ocr_line' id='line_1_33' title="bbox 324 3213 1159 3293; baseline -0.006 -15"><span class='ocrx_word' id='word_1_209' title='bbox 324 3218 384 3278; x_wconf 89' lang='lat' dir='ltr'><strong>Una</strong></span> <span class='ocrx_word' id='word_1_210' title='bbox 407 3236 507 3278; x_wconf 85' lang='lat' dir='ltr'><strong>senum</strong></span> <span class='ocrx_word' id='word_1_211' title='bbox 531 3217 639 3293; x_wconf 84' lang='lat' dir='ltr'><strong>iacies,</strong></span> <span class='ocrx_word' id='word_1_212' title='bbox 664 3235 727 3278; x_wconf 92' lang='lat' dir='ltr'><strong>curn</strong></span> <span class='ocrx_word' id='word_1_213' title='bbox 754 3234 829 3278; x_wconf 86' lang='lat' dir='ltr'><strong>voce</strong></span> <span class='ocrx_word' id='word_1_214' title='bbox 855 3218 1008 3277; x_wconf 91' lang='lat' dir='ltr'><strong>trementia</strong></span> <span class='ocrx_word' id='word_1_215' title='bbox 1031 3213 1159 3274; x_wconf 91' lang='lat' dir='ltr'><strong>membra</strong></span> 
     </span>
     <span class='ocr_line' id='line_1_34' title="bbox 325 3301 1062 3381; baseline -0.007 -19"><span class='ocrx_word' id='word_1_216' title='bbox 325 3302 360 3362; x_wconf 80' lang='lat' dir='ltr'><strong>llt</strong></span> <span class='ocrx_word' id='word_1_217' title='bbox 381 3302 437 3363; x_wconf 92' lang='lat' dir='ltr'><strong>lam</strong></span> <span class='ocrx_word' id='word_1_218' title='bbox 459 3301 527 3363; x_wconf 84' lang='lat' dir='ltr'><strong>leve</strong></span> <span class='ocrx_word' id='word_1_219' title='bbox 552 3312 638 3380; x_wconf 89' lang='lat' dir='ltr'><strong>caput</strong></span> <span class='ocrx_word' id='word_1_220' title='bbox 659 3301 823 3381; x_wconf 85' lang='lat' dir='ltr'><strong>madidique</strong></span> <span class='ocrx_word' id='word_1_221' title='bbox 848 3301 966 3361; x_wconf 80' lang='lat' dir='ltr'><strong>infantia</strong></span> <span class='ocrx_word' id='word_1_222' title='bbox 990 3301 1062 3362; x_wconf 89' lang='lat' dir='ltr'><strong>nasi.</strong></span> 
     </span>
     <span class='ocr_line' id='line_1_35' title="bbox 324 3385 1314 3464; baseline 0 -18"><span class='ocrx_word' id='word_1_223' title='bbox 324 3386 513 3464; x_wconf 80' lang='lat' dir='ltr'><strong>Frangendus</strong></span> <span class='ocrx_word' id='word_1_224' title='bbox 533 3387 641 3447; x_wconf 86' lang='lat' dir='ltr'><strong>misero</strong></span> <span class='ocrx_word' id='word_1_225' title='bbox 663 3387 781 3464; x_wconf 79' lang='lat' dir='ltr'><strong>gingiua</strong></span> <span class='ocrx_word' id='word_1_226' title='bbox 803 3386 885 3464; x_wconf 90' lang='lat' dir='ltr'><strong>panis</strong></span> <span class='ocrx_word' id='word_1_227' title='bbox 907 3385 1023 3445; x_wconf 89' lang='lat' dir='ltr'><strong>inermi:</strong></span> <span class='ocrx_word' id='word_1_228' title='bbox 1263 3393 1314 3446; x_wconf 80' lang='lat'><strong>200</strong></span> 
     </span>
     <span class='ocr_line' id='line_1_36' title="bbox 325 3468 1058 3551; baseline -0.004 -21"><span class='ocrx_word' id='word_1_229' title='bbox 325 3469 424 3551; x_wconf 86' lang='lat' dir='ltr'><strong>llsqne</strong></span> <span class='ocrx_word' id='word_1_230' title='bbox 447 3470 522 3533; x_wconf 88' lang='lat' dir='ltr'><strong>adeo</strong></span> <span class='ocrx_word' id='word_1_231' title='bbox 545 3471 644 3549; x_wconf 75' lang='lat' dir='ltr'><strong>gravis</strong></span> <span class='ocrx_word' id='word_1_232' title='bbox 668 3471 751 3530; x_wconf 86' lang='lat' dir='ltr'><strong>uxori</strong></span> <span class='ocrx_word' id='word_1_233' title='bbox 777 3471 909 3549; x_wconf 90' lang='lat' dir='ltr'><strong>natisque</strong></span> <span class='ocrx_word' id='word_1_234' title='bbox 933 3468 1058 3548; x_wconf 85' lang='lat' dir='ltr'><strong>sibique,</strong></span> 
     </span>
     <span class='ocr_line' id='line_1_37' title="bbox 325 3550 932 3635; baseline -0.007 -19"><span class='ocrx_word' id='word_1_235' title='bbox 325 3554 361 3616; x_wconf 89' lang='lat' dir='ltr'><strong>llt</strong></span> <span class='ocrx_word' id='word_1_236' title='bbox 383 3556 525 3635; x_wconf 88' lang='lat' dir='ltr'><strong>captatori</strong></span> <span class='ocrx_word' id='word_1_237' title='bbox 548 3564 664 3615; x_wconf 86' lang='lat' dir='ltr'><strong>moveat</strong></span> <span class='ocrx_word' id='word_1_238' title='bbox 688 3553 801 3616; x_wconf 82' lang='lat' dir='ltr'><strong>fastidia</strong></span> <span class='ocrx_word' id='word_1_239' title='bbox 825 3550 932 3614; x_wconf 82' lang='lat' dir='ltr'><strong>Cosso.</strong></span> 
     </span>
     <span class='ocr_line' id='line_1_38' title="bbox 326 3636 1106 3719; baseline -0.001 -22"><span class='ocrx_word' id='word_1_240' title='bbox 326 3637 388 3698; x_wconf 84' lang='lat' dir='ltr'><strong>llon</strong></span> <span class='ocrx_word' id='word_1_241' title='bbox 414 3640 515 3700; x_wconf 91' lang='lat' dir='ltr'><strong>eadem</strong></span> <span class='ocrx_word' id='word_1_242' title='bbox 542 3641 600 3700; x_wconf 85' lang='lat' dir='ltr'><strong>vini</strong></span> <span class='ocrx_word' id='word_1_243' title='bbox 623 3648 710 3719; x_wconf 88' lang='lat' dir='ltr'><strong>atque</strong></span> <span class='ocrx_word' id='word_1_244' title='bbox 737 3639 812 3715; x_wconf 87' lang='lat' dir='ltr'><strong>cibi,</strong></span> <span class='ocrx_word' id='word_1_245' title='bbox 834 3646 970 3718; x_wconf 87' lang='lat' dir='ltr'><strong>torpente</strong></span> <span class='ocrx_word' id='word_1_246' title='bbox 996 3636 1106 3716; x_wconf 89' lang='lat' dir='ltr'><strong>palato,</strong></span> 
     </span>
     <span class='ocr_line' id='line_1_39' title="bbox 328 3720 1130 3801; baseline -0.005 -18"><span class='ocrx_word' id='word_1_247' title='bbox 328 3720 447 3789; x_wconf 77' lang='lat' dir='ltr'><strong>Gaudia:</strong></span> <span class='ocrx_word' id='word_1_248' title='bbox 477 3722 553 3784; x_wconf 85' lang='lat' dir='ltr'><strong>narn&#39;</strong></span> <span class='ocrx_word' id='word_1_249' title='bbox 567 3724 661 3784; x_wconf 90' lang='lat' dir='ltr'><strong>coitus</strong></span> <span class='ocrx_word' id='word_1_250' title='bbox 685 3726 739 3783; x_wconf 92' lang='lat' dir='ltr'><strong>iam</strong></span> <span class='ocrx_word' id='word_1_251' title='bbox 764 3723 852 3801; x_wconf 79' lang='lat' dir='ltr'><strong>longa</strong></span> <span class='ocrx_word' id='word_1_252' title='bbox 880 3722 1007 3798; x_wconf 88' lang='lat' dir='ltr'><strong>oblivio,</strong></span> <span class='ocrx_word' id='word_1_253' title='bbox 1032 3721 1080 3782; x_wconf 84' lang='lat' dir='ltr'><strong>vel</strong></span> <span class='ocrx_word' id='word_1_254' title='bbox 1106 3720 1130 3780; x_wconf 91' lang='lat' dir='ltr'><strong>si</strong></span> 
     </span>
    </p>
   </div>
   <div class='ocr_carea' id='block_1_4' title="bbox 0 0 1722 4575">
    <p class='ocr_par' dir='ltr' id='par_1_8' title="bbox 0 0 1722 4575">
     <span class='ocr_line' id='line_1_40' title="bbox 0 0 1722 4575; baseline 0 2"><span class='ocrx_word' id='word_1_255' title='bbox 0 0 1722 4575; x_wconf 95' lang='lat' dir='ltr'><strong> </strong></span> 
     </span>
    </p>
   </div>
  </div>
 </body>
</html>
