3434 4575
448 472 483 533 18
767 484 803 530 0.
826 482 898 530 run,
920 481 1108 530 rovnuanrs

443 623 497 686 Dat
521 641 648 703 poenas,
671 633 786 682 noctem
807 623 913 700 patitur
935 622 1059 701 lugentis
1082 624 1204 685 amicum

442 708 576 784 Pelidae,
599 707 735 768 cubatio
757 707 879 778 faciem,
902 724 970 767 mon
988 708 1091 767 deinde
1114 710 1242 786 supinus.
1385 720 1434 776 28⁰

442 792 521 870 Ergo
544 793 707 870 usualiter
729 793 837 869 poterit
860 788 1009 857 dormire?
1040 792 1215 865 Quibusdam

442 879 576 936 Somnum
601 878 664 936 rixa
687 875 772 937 lacit:
796 875 848 935 sed
869 877 998 954 quamvis
1022 877 1169 954 improbus
1192 880 1273 937 annis

444 961 539 1040 ,11000
562 979 643 1021 mero
665 961 783 1020 servans
805 968 889 1019 cavet
912 959 1004 1036 hunc,
1028 979 1113 1039 quem
1137 964 1257 1022 coccina
1281 963 1364 1023 laena

444 1045 532 1104 Vitari
548 1044 628 1105 iubet
649 1054 678 1105 et
698 1045 833 1104 comitum
857 1043 1043 1121 longissimus
1066 1045 1150 1120 ordo,

441 1128 559 1189 llultum
582 1139 735 1207 praeterea
759 1127 932 1188 flammarum
957 1137 985 1187 et
1007 1147 1098 1188 aenea
1123 1129 1248 1208 lampas;
1384 1141 1431 1196 aas

441 1213 506 1288 llle,
532 1213 704 1292 queminus
728 1212 804 1271 solet
826 1212 974 1272 deducere
996 1212 1044 1273 vel
1065 1212 1155 1272 breve
1178 1213 1273 1274 lumen

441 1297 607 1372 Gandelae,
632 1299 712 1358 cuius
735 1296 875 1375 dispenso
898 1304 927 1357 et
946 1305 1079 1375 tempero
1103 1298 1191 1374 iilum,

442 1380 615 1442 Contemnit.
653 1380 779 1442 Miserae
803 1398 955 1458 cognosce
977 1383 1126 1459 prooemia
1151 1383 1243 1458 rixae,

441 1468 471 1526 Si
492 1468 554 1535 rixa
573 1476 635 1541 est,
659 1463 706 1525 ubi
730 1475 758 1524 tu
781 1464 898 1543 pulsas,
917 1482 974 1544 ago
997 1465 1104 1544 vapulo
1126 1475 1243 1526 tantum.

440 1552 503 1611 Stat
526 1560 626 1610 contra
650 1552 779 1629 starique
802 1548 897 1610 iubet:
920 1568 1026 1628 parere
1049 1569 1173 1611 necesse
1196 1561 1257 1621 est;
1385 1564 1434 1620 000

441 1633 511 1698 Nam
534 1634 602 1714 quid
622 1653 714 1712 agas,
738 1652 823 1711 quum
847 1643 876 1693 te
898 1634 1025 1694 furiosus
1049 1644 1136 1712 cogat
1158 1645 1187 1695 et
1205 1636 1280 1696 idem

440 1716 577 1781 Fortior?
621 1718 703 1780 Unde
726 1715 830 1778 venial
849 1718 1007 1787 exclamat;
1032 1720 1112 1778 ouius
1136 1731 1233 1796 aceto,

441 1801 529 1866 cuius
551 1803 664 1864 conche
688 1799 802 1863 tumes?
825 1804 889 1882 quis
912 1811 1007 1863 tecum
1028 1802 1132 1863 sectile
1154 1821 1271 1883 porrum

440 1891 529 1950 Sutor
552 1897 580 1949 ct
601 1888 670 1948 elixi
692 1889 827 1948 vervecis
851 1886 932 1947 labra
956 1883 1104 1946 comedit?

414 1997 417 2003 ⁴
439 1972 487 2034 llil
509 1973 577 2034 milri
602 1970 787 2052 respondes?
805 1982 854 2032 aut
876 1971 923 2030 dio
946 1982 993 2030 aut
1015 1973 1118 2048 accipe
1141 1970 1265 2032 calcem!
1383 1983 1433 2039 aaa

440 2056 503 2118 Ede
524 2058 573 2117 ubi
592 2060 751 2124 consistas;
775 2057 802 2114 iu
826 2073 882 2133 qua
906 2064 934 2113 te
958 2072 1067 2133 quaero
1090 2053 1331 2132 proseucha?-

440 2141 547 2201 Dicere
568 2143 593 2200 si
614 2150 738 2220 temptes
760 2139 868 2216 aliquid
891 2139 1034 2207 tacitusve
1057 2141 1191 2215 recedas,

440 2224 626 2285 Tantumdem
650 2234 710 2286 est:
735 2224 841 2284 feriunt
865 2223 991 2302 pariter,
1014 2223 1176 2283 vadimonia
1199 2223 1304 2284 deinde

441 2310 507 2370 lrati
529 2311 651 2378 laciuut;
673 2309 793 2370 libertas
817 2308 954 2386 pauperis
978 2307 1051 2368 lraee
1073 2318 1134 2368 est:

439 2393 573 2455 Pulsatus
595 2402 681 2472 rogat
701 2403 729 2453 et
753 2393 857 2471 pugnis
881 2393 1015 2453 concisus
1034 2392 1146 2466 adorat,
1382 2406 1435 2461 000

439 2478 477 2539 Ut
498 2477 586 2538 liceat
606 2479 707 2556 paucis
730 2496 793 2537 cum
813 2476 946 2537 dentibus
970 2478 1035 2537 inde
1058 2478 1176 2537 reverti.

440 2562 502 2623 Nec
519 2572 614 2623 tamen
635 2562 710 2623 liaeo
732 2571 837 2622 tantum
861 2570 987 2630 metuas;
1010 2579 1072 2621 nam
1096 2563 1144 2641 qui
1166 2564 1276 2640 spoliet
1299 2574 1328 2623 te

440 2646 637 2722 11οο1100011,
661 2647 768 2707 clausis
792 2646 925 2706 domibus
946 2655 1099 2726 postquam
1124 2648 1215 2705 omnis
1235 2646 1343 2726 ubique

440 2730 510 2791 Fixa
536 2739 686 2792 catenatae
710 2731 788 2791 siluit
810 2747 955 2809 compago
975 2731 1125 2791 tabernae.
1218 2740 1221 2747 ’

441 2814 583 2875 Interdum
607 2826 637 2875 et
656 2816 735 2875 lerro
760 2815 871 2875 subitus
890 2824 1043 2892 grassator
1064 2816 1123 2892 agit
1144 2832 1222 2874 rem:
1383 2827 1434 2880 000

440 2900 558 2958 Armate
582 2902 697 2978 quoties
720 2910 798 2961 tutae
817 2899 939 2959 custode
959 2909 1094 2959 tenentur

439 2982 477 3043 Et
495 2983 644 3061 Pomptina
665 2985 749 3062 palus
773 2995 802 3044 et
823 2984 978 3044 Gallinaria
1001 2984 1097 3061 pinus,

440 3068 489 3128 Sic
513 3068 578 3127 inde
598 3068 654 3128 lruc
678 3086 778 3127 omnes
801 3078 944 3147 tamquam
964 3069 999 3127 ad
1020 3068 1128 3127 vivaria
1154 3076 1280 3131 currunt.

440 3150 503 3224 Qua
524 3152 646 3212 lornace
667 3170 792 3229 graves,
814 3170 871 3231 qua
893 3168 950 3210 uon
971 3152 1075 3213 incude
1095 3146 1237 3212 catenae?

442 3234 580 3297 Maximus
603 3238 629 3294 in
652 3235 756 3295 vinclis
776 3236 846 3295 ferri
868 3234 987 3311 modus,
1007 3246 1037 3295 nt
1058 3238 1178 3310 timeas,
1201 3252 1238 3293 ne
1384 3248 1436 3301 310

441 3320 551 3381 Vomer
574 3305 706 3395 deficiat,
728 3338 764 3378 nc
782 3338 895 3379 marrae
919 3329 948 3379 et
969 3321 1083 3380 sarcula
1106 3320 1210 3379 desint.

440 3403 557 3466 Felices
581 3421 754 3483 proavorum
779 3413 898 3478 atavos,
920 3404 1017 3464 felicia
1040 3404 1120 3463 dicas

441 3489 565 3565 Secula,
590 3507 665 3568 quae
688 3488 831 3568 quondam
852 3487 904 3547 sub
926 3487 1044 3566 regibus
1067 3498 1153 3565 atque
1177 3486 1296 3546 tribunis

442 3572 582 3633 Viderunt
605 3590 661 3632 uuo
684 3582 846 3633 contentam
871 3589 991 3631 carcere
1017 3571 1145 3631 Romam.

484 3656 534 3717 llis
555 3658 626 3718 alias
648 3667 779 3737 putaram
804 3666 833 3716 et
857 3655 958 3735 plures
980 3655 1155 3716 subnectere
1179 3672 1295 3716 causas:
1386 3665 1433 3723 att

444 3742 501 3808 Sed
524 3744 649 3804 iumenta
668 3750 791 3807 vocant.
816 3750 845 3803 et
865 3740 911 3802 sol
933 3737 1064 3803 inclinata
1087 3740 1209 3802 eundum
1227 3748 1287 3801 001.
1358 3741 1360 3746 ’
