3434 4575
600 452 943 516 EPIGRAMMATON
955 452 1030 514 LIII.
1045 450 1068 513 Ι.
1315 446 1358 516 27

393 611 519 672 Mutare
533 609 688 670 dominum
702 628 765 667 non
778 613 884 687 potest
899 604 982 667 liber
997 613 1098 668 notus.

352 707 387 760 10
394 694 459 754 Sed
475 695 628 776 pumicata
642 693 747 753 fronte
762 692 789 751 si
805 692 873 769 quis
888 698 938 750 est
952 688 1088 751 nondum

393 779 461 839 Nec
474 775 629 837 umbilicis
648 775 748 857 cultus
762 782 855 853 atque
873 776 1066 852 membrana,

394 862 558 923 Mercare:
580 859 660 920 tales
674 860 793 933 habeo;
813 877 872 918 nec
886 859 966 918 sciet
981 859 1150 936 quisquam.

393 945 508 1006 Aliena
523 946 661 1024 quisquis
678 942 792 1003 recitat
808 947 842 1001 et
856 944 938 1021 petit
951 942 1077 1019 famam,

393 1030 464 1091 Non
478 1046 584 1089 emere
597 1027 727 1103 librum,
749 1025 805 1085 sed
820 1023 979 1085 silentium
994 1023 1096 1088 debet.

774 1159 896 1222 LXVII.

394 1273 492 1334 Liber
508 1274 599 1332 homo
617 1291 652 1332 es
667 1272 811 1345 nimium,
835 1269 914 1330 dicis
932 1272 1023 1348 mihi,
1045 1270 1179 1352 Gerer,
1202 1291 1334 1354 semper.

437 1357 520 1416 Inte
536 1357 588 1436 qui
605 1354 697 1433 dicit,
718 1353 850 1433 Ceryle‚
870 1352 954 1414 liber
965 1356 1057 1415 bomo
1073 1362 1130 1416 est.

765 1487 900 1550 LXVIII.

397 1602 555 1683 Quidquid
570 1603 632 1680 agit
646 1602 763 1680 Rufus,
783 1601 865 1661 nihil
881 1608 930 1662 est
944 1603 1005 1662 nisi
1019 1601 1134 1663 Naevia
1147 1601 1236 1663 Rufo.

438 1687 472 1747 Si
487 1684 617 1766 gaudet,
640 1687 667 1745 si
681 1686 755 1763 flet,
777 1686 804 1744 si
818 1691 918 1763 tacet,
939 1686 1019 1745 banc
1033 1685 1180 1766 quuitur.

396 1772 512 1848 cenat,
533 1771 696 1850 propinat,
716 1770 835 1849 poscit,
856 1776 966 1847 negat,
988 1770 1105 1830 innuit:
1131 1789 1190 1829 uua
1206 1781 1254 1829 est

438 1853 568 1927 Naevi23
591 1855 617 1913 si
631 1872 693 1912 nou
709 1855 751 1912 sit
764 1851 895 1930 Naevia,
916 1860 1017 1912 mutus
1030 1855 1101 1914 erit.

373 1938 575 2018 ascripserat
587 1938 736 1997 hesterna
748 1937 832 2015 patri
847 1955 916 1995 cum
929 1935 1000 1996 luce
1016 1935 1161 1996 salutem:

441 2022 577 2100 „Naevia
590 2020 665 2080 lux“
680 2021 782 2099 inquit
795 2019 932 2097 „Naevia
944 2019 1066 2096 lumen,
1089 2020 1178 2081 ave.“

396 2107 483 2166 Ilaec
498 2105 579 2184 legit
592 2110 625 2165 et
639 2105 724 2165 ridet
739 2103 873 2164 demisso
887 2103 1002 2164 Naevia
1017 2104 1111 2166 voltu.

439 2189 554 2250 Naevia
569 2209 633 2248 non
647 2209 708 2248 una
721 2194 786 2247 est:
810 2186 899 2266 quid,
923 2189 970 2249 uir
983 2189 1108 2270 inepte,
1131 2188 1230 2250 furis?

780 2324 886 2387 LXIX.

397 2437 528 2515 Coepit,
548 2434 700 2511 Maxime,
722 2437 805 2496 Pana
820 2438 873 2517 qui
888 2436 1024 2515 solebat,

397 2519 486 2579 Nunc
501 2518 670 2579 ostendere
686 2519 815 2579 Canium
829 2521 995 2584 Tarentos.

785 2668 878 2729 LXX.

397 2779 486 2843 Vade
502 2778 665 2839 salutatum
679 2801 736 2862 pro
752 2799 817 2858 me,
839 2780 936 2840 liber:
958 2783 1006 2841 ire
1021 2783 1139 2843 iuberis

440 2862 490 2923 Ad
505 2863 633 2924 Proculi
647 2864 781 2943 nitidos,
806 2864 963 2942 officiose,
985 2864 1079 2928 lares.

399 2947 530 3025 Quaeris
545 2948 623 3026 iter,
646 2946 760 3008 didam:
782 2949 915 3009 vicinum
930 2949 1059 3010 Castora
1074 2970 1168 3013 canae

442 3031 605 3091 Transibis
620 3032 737 3093 Vestae
751 3034 982 3112 virgineamque
996 3033 1135 3111 domum;

375 3114 478 3177 binde
493 3134 582 3174 sacro
596 3116 773 3176 veneranda
785 3123 877 3197 petes
892 3116 1011 3178 Palatia
1027 3118 1120 3196 clivo,

441 3198 579 3259 Plurima
598 3219 658 3279 qua
671 3203 780 3260 summi
794 3200 895 3280 fulget
908 3204 1008 3281 Imago
1023 3200 1119 3265 ducis.

398 3283 511 3344 Necte
526 3282 666 3343 detiueat
680 3286 751 3344 miri
765 3284 884 3345 radiata
898 3285 1010 3346 colossi

441 3368 526 3444 Quae
540 3367 694 3427 Rhodium
709 3368 807 3429 moles
821 3371 948 3429 viucere
962 3370 1075 3448 gaudet
1091 3388 1177 3450 opus.

396 3450 508 3511 Flecte
522 3452 586 3510 vias
599 3452 657 3511 hac
673 3472 733 3531 qua
746 3453 862 3513 madidi
877 3462 950 3513 sunt
963 3460 1046 3513 tecta
1061 3453 1159 3531 Lyaei

355 3544 392 3597 10
441 3535 484 3594 Et
497 3534 633 3613 Cybeles
649 3537 735 3616 picto
750 3543 812 3596 stat
827 3538 1005 3617 Corybante
1019 3543 1117 3599 torus.

398 3618 546 3678 Protinus
562 3618 679 3679 alaeve
693 3618 770 3680 clari
788 3622 846 3681 tibi
858 3621 964 3681 fronte
973 3622 1112 3681 Penates

350 3733 358 3752 ··
442 3703 594 3782 Atriaque
609 3704 751 3764 excelsae
766 3711 837 3764 sunt
851 3703 992 3765 adeunda
1006 3704 1125 3793 domus.
