3434 4575
361 466 425 530 222
685 465 730 528 M.
746 464 839 528 VAL.
855 466 1082 533 mouimus

278 613 281 617 ’
367 626 371 632 ’
445 618 595 681 Frontem
610 614 752 677 sutilibus
767 619 863 678 ruber
877 621 1014 679 coronis:

447 702 499 763 Sic
516 702 569 762 uni
583 701 641 761 tibi
656 703 697 761 sit
711 720 791 780 puer
807 701 953 761 cinaedus

444 787 486 849 Et
501 786 670 845 castissima
685 787 806 865 pruriat
819 784 939 865 puella:

444 870 591 929 Infamem
605 869 699 929 nimio
717 868 820 929 calore
835 869 962 949 Cypron
1197 932 1201 940 ,

404 953 616 1030 100bservea,
638 970 747 1013 moneo
762 971 954 1032 precorque,
975 950 1109 1032 Flacco,

443 1037 565 1097 Messes
580 1055 652 1097 area
668 1055 736 1097 cum
751 1042 835 1098 teret
849 1042 1013 1117 crepantes

443 1122 485 1181 nt
497 1121 622 1182 fervens
636 1122 708 1181 iuba
722 1122 838 1181 saeviet
851 1118 962 1182 leonis.

443 1205 486 1264 At
500 1212 553 1283 tu,
575 1204 644 1264 diva
659 1204 774 1284 Paphi,
796 1206 940 1280 remitte,
961 1204 1077 1264 nostris

443 1287 586 1349 illaesum
600 1307 730 1369 puerum
744 1291 871 1349 remitte
884 1289 973 1349 votis.

402 1373 495 1435 ldSic
509 1373 620 1433 Martis
635 1374 693 1433 tibi
709 1374 845 1432 serviant
857 1369 1015 1432 Kalendae

443 1457 486 1516 Et
501 1475 568 1515 cum
583 1462 654 1515 ture
668 1474 817 1534 meroque
830 1458 1015 1533 victimaque

442 1539 574 1599 Libetur
588 1539 646 1599 tibi
662 1537 807 1599 candidas
822 1538 862 1599 ad
878 1559 946 1600 aras

443 1622 536 1683 Secta
548 1620 681 1703 plurima
695 1620 812 1702 quadra
825 1623 868 1697 *de
882 1621 1034 1703 placenta.

839 1757 918 1817 xci.

443 1852 493 1913 Ad
507 1872 614 1914 cenam
629 1855 656 1914 si
670 1872 720 1914 me
737 1853 859 1915 diversa
873 1859 999 1914 vocaret
1012 1855 1045 1913 in
1060 1858 1142 1913 astra

485 1938 567 1998 Hinc
582 1939 730 1999 invitator
745 1939 904 2015 Caesaris,
926 1937 1000 1997 inde
1014 1938 1109 2015 iovis,

442 2021 536 2081 Astra
548 2019 626 2082 licet
638 2023 784 2102 propius,
806 2020 922 2082 Palatia
936 2019 1056 2100 longius
1071 2027 1194 2101 essent,

448 2128 450 2132 ¹
484 2105 646 2185 Responsa
660 2104 698 2165 ad
712 2124 842 2186 superos
858 2106 935 2165 haec
949 2103 1259 2171 referendadarema
1304 2167 1307 2171 ,

415 2189 612 2267 5„Quaerite
628 2191 680 2266 qui
697 2188 784 2249 malit
796 2189 867 2248 fieri
884 2189 1009 2249 conviva
1021 2189 1189 2249 Tonantis:

484 2272 539 2334 Me
554 2290 640 2331 meus
654 2272 687 2330 in
701 2274 796 2332 terris
810 2271 963 2351 iuppiter,
985 2292 1074 2352 ecce,
1096 2272 1217 2334 tenet“
1236 2308 1239 2314 -

832 2386 923 2447 XCII.

349 2483 351 2487 ’
443 2477 529 2554 Quae
543 2473 624 2536 mala
637 2482 709 2536 sunt
723 2477 855 2557 domini,
878 2498 956 2558 qnae
973 2481 1055 2540 servi
1069 2480 1228 2542 commoda
1243 2485 1368 2564 nescis,

485 2559 644 2640 Condyle,
665 2562 718 2639 qui
733 2579 854 2623 servum
868 2568 901 2623 te
916 2564 1012 2642 gemis
1030 2581 1099 2624 esse
1112 2563 1174 2628 diu.

442 2644 503 2704 Dat
518 2646 575 2705 tibi
590 2661 716 2705 securos
730 2646 799 2706 vilis
817 2645 984 2726 tegeticula
998 2667 1138 2727 somnos,
1156 2656 1158 2662 ’

484 2726 622 2808 Pervigil
631 2727 668 2789 'in
682 2728 787 2810 pluma
802 2731 913 2808 Gaius,
931 2749 1021 2810 ecce,
1043 2733 1134 2795 iacet.
1258 2755 1260 2758 ⁴

420 2814 538 2876 5Gaiua
553 2834 570 2873 a
586 2814 685 2893 prima
697 2814 920 2875 tremebundus
936 2815 1006 2876 luce
1021 2813 1134 2876 salutat
1243 2838 1246 2842 ⁴

485 2897 549 2957 Tot
562 2896 718 2975 dominos,
738 2904 769 2959 at
783 2905 834 2977 tu,
856 2896 1016 2978 Condyle,
1038 2918 1096 2958 nec
1109 2896 1275 2961 dominum.

441 2980 554 3059 „Quod
569 2979 682 3058 debes,
704 2981 777 3059 Gai,
797 2981 919 3043 redde“
933 2983 1034 3061 inquit
1048 2983 1192 3043 Phoebus
1207 2991 1242 3044 et
1259 2983 1355 3048 illinc

484 3064 665 3125 Cinnamus:
686 3065 746 3126 hoc
762 3064 855 3145 dicit,
879 3064 1037 3145 Condyle,
1059 3085 1150 3126 nemo
1166 3068 1234 3130 tibi.

443 3148 610 3208 Tortorem
624 3150 761 3209 metuis?
781 3151 918 3230 podagra
933 3150 1145 3230 cheragraque¹
1158 3157 1284 3213 secatus·

399 3241 434 3294 10
482 3231 577 3292 Gaius
591 3235 624 3291 'et
637 3231 744 3293 mallet
756 3237 889 3294 verbera
902 3232 990 3293 mille
1004 3235 1078 3314 pati.
1177 3250 1180 3255 ’

440 3315 530 3393 Quod
543 3334 602 3376 nec
615 3334 705 3378 mane
719 3314 832 3396 vomis,
852 3337 912 3378 nec
927 3337 1073 3395 cunnum,
1097 3316 1254 3398 Condylo,
1275 3319 1379 3402 lingis,

405 3451 409 3458 .
480 3399 550 3461 Non
564 3402 673 3479 mavis,
697 3422 786 3482 quam
800 3409 851 3462 ter
866 3402 959 3463 Gaius
975 3420 1045 3462 esse
1058 3402 1152 3462 tuus?

439 3628 567 3691 Addere
582 3632 656 3711 quid
673 3647 794 3711 cessas,
814 3535 1106 3713 fflldmmortale
1122 3632 1318 3698 Falernum?

482 3715 691 3792 Quadrantem
706 3715 829 3798 duplica
844 3717 884 3778 de
899 3720 1023 3779 seniore
1038 3717 1123 3781 cado.
