3434 4575
691 475 961 533 PRAEFATIO.
1319 498 1353 536 xr.

369 630 436 687 Post
443 631 532 685 verba
547 628 638 700 epigr.
656 632 708 686 110
723 630 786 682 aina
802 641 868 684 suos
884 633 947 684 octo
971 626 1106 700 deinceps
1129 629 1350 702 epigrammaton

304 716 437 770 lemmata
447 713 604 769 uncialibus
615 711 712 768 litteris
723 711 880 783 perscripta
891 718 967 780 sunt,
988 713 1088 783 quibus
1099 714 1244 783 quaternio
1255 717 1351 787 exple·

304 805 360 854 tur.
390 795 549 868 Scripturas
567 795 630 851 illas
646 795 835 850 consideranti
856 812 913 851 non
933 800 1026 867 potest
1046 798 1195 852 obscurum
1217 813 1298 867 esse,
1323 807 1352 856 et

305 882 382 937 hunc
393 875 521 936 codicem
532 896 569 934 ex
581 879 687 934 iamilia
700 878 731 935 G·
743 878 899 935 derivatum
913 879 1049 950 peculiari
1068 880 1162 951 aliqua
1179 883 1351 952 praestantia

303 964 490 1036 conspicuum
500 980 557 1019 uon
568 979 643 1019 esse.
685 963 757 1019 Illud
767 963 852 1018 valde
870 963 1050 1019 memorabile
1062 968 1120 1032 est,
1139 963 1215 1035 quod
1229 981 1292 1021 cum
1304 982 1352 1022 co·

304 1048 362 1103 dex
372 1047 545 1103 Bethmanno
558 1046 651 1103 iudice
663 1061 739 1102 saec.
751 1047 789 1101 Xl
807 1048 927 1119 scriptus
944 1048 1100 1103 Martialem
1115 1052 1224 1118 poetam
1241 1063 1351 1107 cocum·

302 1145 358 1206 quc
376 1132 516 1203 appellet,
537 1148 593 1186 non
611 1131 695 1186 italos
715 1131 828 1186 demum
840 1146 917 1186 saec.
928 1130 990 1199 XV,
1016 1146 1087 1202 quae
1099 1131 1166 1187 olim
1177 1133 1271 1202 opinio
1286 1150 1351 1190 mea

303 1220 373 1283 erat,
391 1220 520 1271 auctores
538 1217 602 1270 miri
620 1215 690 1269 tituli
707 1215 795 1271 luisse
816 1220 942 1285 apparet.
989 1215 1047 1270 Iam
1058 1231 1122 1270 cum
1133 1214 1231 1272 Xeniis
1243 1217 1290 1272 illa
1301 1232 1351 1289 ap·

302 1299 417 1371 pellatio
435 1299 562 1370 praelixa
578 1300 629 1365 sit,
654 1298 683 1352 in
701 1314 804 1354 caussa
822 1299 910 1353 tuisse
925 1298 1009 1353 huius
1026 1299 1116 1370 ipsius
1127 1299 1190 1354 libri
1202 1316 1351 1372 argumen-

301 1387 371 1450 tum,
383 1398 433 1436 cur
447 1383 543 1438 iocose
555 1388 638 1453 poeta
657 1385 716 1438 coci
731 1383 842 1436 nomine
853 1388 1047 1451 exornaretur,
1064 1384 1208 1452 probabile
1227 1385 1349 1455 cuipiam

304 1464 396 1520 videri
413 1467 513 1537 possit.
548 1467 713 1537 Quanquam
729 1481 764 1520 ne
784 1482 857 1521 nunc
876 1466 990 1537 quidem
1008 1465 1077 1521 illud
1095 1466 1296 1540 negligendum
1308 1473 1351 1524 cst

303 1549 382 1619 quod
393 1548 440 1603 ed.
452 1550 517 1604 mai.
530 1550 561 1604 T.
573 1550 605 1619 H,
618 1567 647 1621 p.
659 1551 710 1608 736
722 1550 883 1621 perstrinxi.

367 1633 517 1688 Praeterea
527 1634 566 1688 M.
576 1634 712 1705 Hauptius
725 1634 753 1687 in
770 1634 849 1689 Actis
871 1632 1002 1690 Societat.
1018 1633 1080 1689 Litt.
1097 1634 1251 1704 Lipsiensis
1269 1639 1350 1705 rato,

302 1716 355 1786 lp·
366 1719 385 1775 8
396 1733 458 1788 sqq.
469 1723 576 1788 partem
596 1718 818 1788 epigrammaton
834 1717 969 1772 Martialis
989 1717 1107 1772 aliorum
1125 1723 1271 1788 poetarum
1290 1733 1351 1773 car·

302 1800 424 1856 minibus
436 1801 622 1856 intermixtam
637 1801 760 1872 repperit
771 1801 799 1855 in
816 1799 914 1855 codice
930 1799 1053 1870 quodam
1069 1800 1194 1855 miscello
1210 1802 1350 1872 Lipsieusi

302 1899 380 1938 saec.
390 1883 427 1938 X.
458 1885 502 1940 Ex
513 1901 568 1956 quo
581 1901 653 1956 quae
664 1884 801 1956 Hauptius
819 1884 960 1955 excerpsit
974 1883 1026 1937 etsi
1041 1884 1142 1938 librum
1154 1899 1191 1938 ex
1204 1886 1279 1939 lonte
1293 1901 1350 1940 non

301 1969 376 2023 malo
387 1974 573 2040 propagatum
586 1967 697 2036 docent,
716 1966 901 2023 emendandis
914 1972 1006 2021 Mmen
1017 1971 1118 2037 poetae
1133 1968 1228 2023 verbis
1240 1969 1350 2039 perexi-

304 2067 390 2122 guum
400 2068 484 2107 usum
497 2052 610 2117 habent.
642 2051 788 2120 Quaedam
799 2052 872 2106 inira
885 2051 1117 2106 commemoravi:
1136 2053 1349 2107 commemorari

302 2134 386 2189 ctiam
402 2134 457 2190 hoc
475 2140 582 2207 potest,
605 2136 734 2191 codicem
750 2136 813 2190 libr.
830 2141 857 2207 2,
869 2138 913 2203 80,
926 2133 1007 2192 abac
1018 2132 1120 2189 offerre
1131 2151 1183 2205 pro
1193 2136 1272 2207 vulg.
1283 2135 1349 2204 Hic,

302 2216 380 2287 quod
390 2218 483 2291 ipsum
494 2219 559 2274 Ant.
572 2219 660 2275 Roius
674 2221 819 2291 poscebat.
851 2218 889 2273 At
902 2219 1060 2290 excerptori
1072 2218 1257 2274 conveniebat
1269 2218 1349 2290 illud,

301 2317 330 2356 in
342 2302 451 2374 integro
465 2305 589 2359 carmine
599 2304 655 2359 Hic
665 2304 756 2374 aptius
768 2309 820 2359 est.

365 2387 510 2443 Postremo
524 2387 596 2443 Guil.
608 2387 781 2442 Hamiltonus
798 2387 836 2442 ad
848 2388 1026 2442 collationem
1037 2385 1260 2458 Edinburgensis
1272 2385 1349 2443 codi-

301 2470 343 2525 cis
360 2469 470 2526 addidit
485 2471 646 2539 „Adnotata
668 2471 808 2542 quaedam
823 2469 958 2525 Hadriani
974 2470 1045 2525 Iunii
1062 2486 1098 2526 ex
1114 2470 1229 2526 schedis
1240 2470 1349 2526 Dorvil·

300 2554 398 2623 banis,
425 2556 450 2611 si
471 2560 547 2610 recte
568 2556 696 2623 memini,
719 2555 747 2609 in
766 2554 935 2610 bibliotheca
956 2553 1110 2610 Bodleiana
1130 2554 1284 2610 asservatis
1301 2569 1350 2609 ex·

301 2640 428 2708 cerpta.“
472 2638 549 2706 Quae
567 2655 604 2693 ex
615 2638 749 2695 Thuaneo
769 2637 868 2693 codice
887 2639 1004 2709 repetita
1015 2653 1079 2695 esse
1091 2643 1222 2694 accurata
1229 2654 1274 2693 me
1285 2654 1350 2710 per-

300 2721 452 2793 vestigatio
470 2720 575 2779 docuit.
597 2752 640 2762 —
661 2722 787 2793 Denique
800 2721 896 2776 uthoc
909 2721 1027 2789 addam,
1049 2720 1087 2777 ad
1098 2720 1207 2777 indices
1220 2721 1350 2777 codicum

300 2805 371 2859 olim
382 2805 521 2862 exhibitos
532 2806 669 2862 accedant
685 2806 790 2877 aliquot
801 2804 916 2861 codices
928 2821 964 2860 ex
974 2805 1042 2860 Maii
1053 2804 1207 2878 Spicilegio
1221 2806 1349 2862 Romano

299 2888 336 2955 V,
348 2904 378 2959 p.
391 2893 440 2947 191
453 2893 480 2943 et
490 2895 551 2949 ata.
593 2891 689 2946 Priore
707 2891 769 2945 ioco
786 2894 913 2945 vetustus
932 2888 1018 2944 index
1034 2889 1105 2944 inter
1119 2889 1233 2945 codices
1252 2889 1351 2945 biblio·

299 2970 403 3026 thecae
425 2973 675 3029 Laureshamensis
694 2973 794 3029 habet:
818 2973 913 3041 „Libri
929 2974 1064 3029 Martialis
1080 2978 1182 3044 poetae
1193 2973 1223 3028 in
1234 2989 1289 3029 uno
1303 2990 1351 3029 co·

300 3053 402 3123 dice“;
420 3058 506 3112 altero
519 3056 605 3113 index
623 3057 801 3115 Corbeiensis
818 3058 1018 3114 bibliothecae:
1043 3057 1209 3126 „Martialis
1234 3055 1349 3113 Statius.

299 3138 439 3194 Aeneis.“
466 3140 506 3196 De
517 3142 580 3197 aliis
593 3141 761 3213 quibusdam
773 3142 821 3197 vel
833 3141 871 3198 ad
883 3141 1091 3198 emendandum
1103 3142 1148 3197 vel
1159 3141 1197 3197 ad
1208 3141 1349 3211 explican-

300 3221 368 3278 dum
378 3223 533 3280 Martialem
543 3227 696 3296 praesidiis
709 3226 802 3281 dicam
819 3226 848 3280 in
860 3226 1083 3294 commentariis,
1108 3241 1179 3297 quos
1196 3224 1348 3295 aliquando

299 3305 386 3361 edere
398 3310 508 3365 animus
520 3314 573 3365 est.

362 3390 406 3445 Ex
430 3394 508 3449 libris
530 3409 630 3449 recens
653 3395 830 3453 excussisut
848 3395 877 3448 in
888 3393 1129 3465 recognoscendis
1139 3393 1235 3449 verbis
1246 3398 1349 3464 poetae

298 3489 356 3528 non
367 3477 484 3531 multum
494 3478 616 3548 proieci,
634 3478 672 3533 ita
683 3477 783 3533 sedulo
794 3493 909 3548 operam
921 3476 1003 3544 dedi,
1015 3482 1046 3532 ut
1058 3478 1156 3532 iterum
1167 3475 1270 3532 edendi
1282 3492 1350 3532 con·

299 3556 413 3613 dicione
430 3566 542 3631 praeter
559 3562 722 3633 opinionem
739 3562 831 3619 oblata
846 3561 982 3616 Martialis
1001 3562 1044 3615 sui
1064 3560 1182 3616 similior
1202 3559 1348 3616 evaderet.

298 3641 358 3697 Nec
370 3643 519 3715 quisquam
530 3645 688 3713 mirabitur,
707 3644 784 3717 quod
794 3646 944 3700 interiectis
958 3643 1067 3700 duobus
1078 3644 1172 3698 lustris
1185 3646 1220 3699 ab
1233 3660 1268 3699 ea
1279 3644 1348 3701 scri-

297 3730 390 3796 ptura,
404 3743 487 3798 quam
498 3729 527 3782 in
539 3729 662 3784 editione
674 3732 780 3784 maiore
791 3744 953 3800 posueram,
965 3729 1021 3781 no'n
1033 3728 1071 3782 ita
1082 3743 1147 3782 raro
1158 3729 1276 3784 recessi.
1302 3728 1348 3783 Et·

298 3810 373 3865 enim
385 3811 441 3866 alia
453 3811 510 3866 iam
522 3812 550 3865 in
560 3812 709 3869 Addendis
721 3817 749 3868 et
757 3810 939 3883 Corrigendis
951 3827 988 3865 ex
998 3810 1246 3880 praestantissimis
1257 3809 1348 3879 libris,
