3434 4575
659 520 785 574 esar-na
808 523 884 574 vnn
988 484 994 494 ⁵
1252 513 1293 578 59

303 659 449 728 Nocturna
472 670 503 726 et
524 658 652 726 damnus
674 663 808 726 domibus
829 664 1007 747 templisque
1028 669 1148 748 paretis,

303 750 337 812 llt
359 750 565 811 braccatorum
589 751 672 829 pueri
695 752 901 831 Senonumque
922 752 1060 828 minores,

302 837 370 896 Ausi
390 835 470 915 quod
495 834 584 895 liceat
606 835 702 897 tunica
724 837 826 913 punire
850 836 985 897 molesta.
1155 905 1157 908 Α
1242 853 1293 908 m

301 920 357 981 Sed
379 918 483 998 vigilat
507 917 609 979 consul
632 919 801 1000 vexillaque
822 931 921 981 restra
945 931 1079 982 coercet:

301 1004 351 1066 llic
374 1021 469 1064 novus
490 1002 634 1081 Arpinas,
661 1003 799 1082 ignobilis
818 1015 848 1065 et
869 1006 955 1067 modo
977 1004 1089 1067 Rornae

300 1087 483 1167 llunicipalis
506 1105 617 1167 eques,
644 1088 790 1167 galeatum
812 1091 893 1170 ponit
912 1089 1020 1170 ubique

299 1171 478 1234 Praesidium
500 1173 629 1233 attonitis
651 1181 681 1232 et
703 1174 731 1233 in
754 1175 832 1233 omni
853 1184 950 1234 monte
973 1174 1095 1235 laborat.

299 1256 420 1319 Tantum
440 1257 528 1334 igitur
549 1274 645 1316 muros
666 1258 740 1317 intra
760 1266 829 1335 toga
850 1259 970 1319 contulit
991 1259 1033 1319 illi
1241 1273 1294 1327 240

300 1340 429 1402 Nominis
456 1358 492 1402 ee
517 1340 608 1416 tituli,
636 1352 769 1421 qnantum
791 1344 841 1401 rix
861 1342 1013 1415 Leucade,
1038 1352 1172 1422 quantum

299 1423 472 1486 Thessaliae
497 1426 608 1502 campis
631 1423 768 1486 Octavius
792 1425 909 1486 abstulit
933 1428 989 1486 udo

299 1507 445 1571 Gaedibus
467 1509 592 1569 assiduis
614 1508 729 1588 gladio;
754 1510 807 1570 sed
830 1509 920 1572 lloma
945 1520 1105 1590 parentem,

299 1593 390 1655 lloma
414 1602 527 1673 putrem
551 1595 663 1670 patriae
688 1591 863 1654 Ciceronem
885 1595 978 1656 libera
1002 1596 1082 1656 dixit.

300 1680 426 1758 llrpinas
449 1677 523 1737 alius
546 1677 721 1738 Volscorum
744 1680 772 1737 in
793 1688 891 1739 monte
915 1678 1032 1740 solebat
1240 1693 1292 1747 aas

301 1762 429 1824 Poscere
453 1761 624 1837 mercedes,
648 1760 745 1823 alieno
768 1762 864 1823 lessus
888 1772 998 1830 aratro;

260 1877 263 1901 ¹.
299 1846 449 1908 Nodosam
474 1854 542 1924 post
566 1844 642 1906 lraec
662 1845 815 1925 frangebat
837 1849 949 1907 vertice
974 1849 1070 1924 vitem,

300 1934 328 1992 Si
349 1931 446 1993 lentus
471 1932 556 2009 pigra
577 1930 701 1990 muniret
724 1941 819 1992 eastra
841 1931 978 1992 dolabra:

300 2015 351 2075 llic
372 2025 472 2076 tamen
494 2023 524 2074 et
547 2011 681 2074 Gimbros
703 2025 733 2076 et
755 2033 863 2076 summe
886 2015 1017 2095 pericula
1043 2035 1138 2077 rernm

301 2098 435 2178 Excipit,
459 2107 488 2158 et
510 2098 593 2158 solus
616 2099 809 2178 trepidantem
831 2101 959 2179 protegit
983 2100 1100 2167 urbem:
1241 2114 1292 2168 πω

300 2185 395 2264 Atque
419 2183 503 2258 ideo,
527 2191 682 2261 postquam
704 2185 739 2245 ud
763 2181 898 2245 Gimbros
920 2194 1106 2265 stragemque
1127 2187 1276 2265 volabant,

300 2266 355 2343 Qui
378 2283 533 2348 numquam
556 2269 711 2347 attigerant
733 2271 842 2331 maiora
863 2270 1024 2348 cadavera,
1047 2271 1138 2348 corvi,
1218 2304 1222 2313 ·

299 2352 415 2414 Nobilis
438 2361 558 2412 ornatur
580 2351 662 2413 lauro
684 2354 802 2432 collega
824 2354 962 2415 secunda.

299 2435 438 2499 Plebeiae
463 2435 621 2497 Deciorum
643 2440 771 2515 animae,
793 2438 911 2518 plebeia
932 2439 1048 2499 luerunt

300 2520 437 2582 Nomina:
461 2537 514 2599 pro
537 2522 606 2580 totis
630 2521 796 2600 legionibus
818 2521 847 2582 hi
865 2533 959 2584 tamen
983 2533 1012 2583 et
1032 2542 1086 2603 pro
1241 2534 1293 2589 bob

299 2605 437 2667 Omnibus
461 2605 576 2665 auxiliis
593 2614 682 2685 atque
704 2609 780 2666 omni
801 2607 880 2687 pube
902 2607 1001 2668 latina

298 2691 452 2751 Sufficiunt
475 2688 519 2749 dis
540 2689 662 2749 internis
684 2700 842 2771 terraeque
866 2693 996 2770 parenti:

299 2775 391 2835 Pluris
415 2775 490 2833 enirn
513 2772 615 2849 Decii,
638 2793 722 2854 quarn
746 2794 822 2855 quae
843 2784 995 2836 servantur
1017 2776 1053 2836 ab
1076 2779 1144 2840 illis.

298 2859 414 2920 Ancilla
440 2866 524 2917 natus
546 2857 674 2919 trabeam
696 2868 724 2919 et
746 2858 877 2920 diadema
901 2858 1011 2932 Quirini

298 2942 333 3004 llt
354 2944 455 3004 fasces
477 2943 581 3002 meruit
601 2960 702 3021 regum
724 2943 839 3004 ultimus
861 2943 911 3004 ille
931 2943 1087 3004 bonorum:
1241 2954 1293 3010 260

298 3028 415 3089 Prodita
438 3025 576 3087 laxabant
598 3036 745 3106 portarum
767 3028 894 3088 claustra
913 3032 1040 3105 tyrannis

299 3111 442 3173 Exulibns
464 3112 584 3170 iuvenes
608 3112 699 3190 ipsius
725 3113 853 3173 consulis
878 3123 907 3172 et
929 3131 1003 3192 quos

296 3195 434 3275 llagnum
457 3194 564 3273 aliquid
589 3195 674 3256 dubia
695 3214 749 3275 pro
773 3196 909 3257 libertate
931 3200 1063 3275 deceret,

297 3278 385 3355 Quod
411 3281 564 3340 miraretur
587 3298 650 3340 eum
676 3278 791 3340 Coclite
812 3280 925 3342 Mucius
950 3292 978 3341 et
1001 3301 1075 3362 quae

296 3365 417 3446 lmp'erii
433 3364 506 3424 lines
524 3360 689 3424 Tiberinum
709 3367 793 3443 virgo
816 3367 932 3425 natavit.
1240 3373 1292 3428 265

296 3447 423 3511 Occulta
446 3448 482 3509 ad
506 3456 606 3527 patres
628 3450 765 3527 produxit
790 3452 907 3511 crimina
930 3469 1044 3527 servus,

296 3531 439 3595 llatronis
461 3532 620 3610 lugendus;
644 3543 673 3593 at
694 3533 762 3593 illos
784 3533 909 3594 verbera
930 3536 1011 3595 iustis

303 3618 438 3679 bidciunt
464 3617 568 3696 poenis
591 3626 620 3677 et
642 3617 740 3695 legum
761 3620 852 3698 prima
876 3619 998 3679 securis.

342 3700 420 3763 llalo
445 3710 529 3781 pater
549 3700 600 3762 tibi
623 3702 659 3762 sit
681 3700 846 3777 Thersites,
871 3701 1024 3764 dummodo
1046 3711 1075 3762 tu
1097 3719 1138 3763 srs

306 3785 450 3847 Aeacidae
472 3785 572 3845 similis
594 3784 795 3865 Vulcaniaque
819 3806 897 3846 arma
921 3804 1082 3866 capesses,
1238 3797 1291 3851 ‘tto
