3434 4575
340 450 378 513 16
659 447 704 508 M.
719 445 811 508 VAL.
827 444 1054 506 MARTIALIS

422 600 504 679 Quid
519 600 644 678 dignum
658 605 745 658 tanto
761 599 820 658 tibi
837 604 948 657 ventre
962 596 1095 677 gulaque
1109 600 1290 679 precabor?

462 681 606 745 Boletum
621 681 741 762 q'nalem
756 680 903 742 Claudius
919 678 1001 760 edit,
1024 681 1107 742 edas.

814 815 895 878 XXl.

422 931 499 992 cum
512 934 638 1011 peteret
651 946 758 1006 regem
773 927 905 1008 decepta
918 925 1056 989 satellite
1072 929 1197 1007 dextra,

460 1015 592 1092 Ingessit
606 1013 701 1072 sacris
716 1031 750 1072 se
764 1013 904 1092 peritura
918 1012 1005 1071 focis.

421 1095 485 1157 Sed
497 1106 561 1157 tam
570 1114 663 1158 saeva
676 1097 745 1175 pins
760 1094 906 1156 miracula
919 1115 982 1155 non
997 1093 1071 1155 tulit
1083 1097 1183 1158 hostIa

462 1183 504 1242 Et
517 1190 640 1262 raptum
653 1181 782 1239 flammis
796 1181 887 1239 iussit
902 1180 988 1239 abire
1002 1181 1110 1245 virum.

399 1266 524 1327 5Urere
539 1285 629 1344 quam
643 1264 744 1344 potuit
762 1269 939 1344 contempto
955 1264 1077 1324 Mucius
1092 1265 1172 1344 igni,
1279 1282 1284 1288 ·

462 1350 551 1409 Hanc
569 1354 712 1428 spectare
728 1366 850 1409 manum
864 1347 1002 1407 Porsena
1017 1367 1079 1408 non
1093 1350 1204 1429 potnit.

420 1435 523 1495 Maior
538 1431 688 1512 deceptae
701 1432 780 1491 fama
792 1437 841 1490 est
856 1438 889 1490 et
903 1428 1002 1508 gloria
1018 1430 1160 1493 dextrae:

462 1518 496 1576 Si
510 1535 571 1575 non
588 1521 740 1593 errasset,
759 1516 880 1575 fecerat
892 1513 949 1575 illa
963 1516 1071 1576 minus.

806 1649 899 1710 XXll.

421 1763 504 1840 Quid
519 1781 582 1822 non
597 1779 687 1820 saeva
700 1760 782 1839 iugis
797 1757 914 1841 placidi
928 1758 1017 1840 lepus
1033 1779 1087 1819 ora
1101 1758 1224 1821 leonia?

462 1848 622 1925 Frangere
638 1852 700 1904 tam
716 1864 825 1925 parvas
839 1863 902 1904 non
917 1843 1056 1904 didicere
1072 1844 1167 1907 feras.

420 1932 588 1991 Servantur
605 1930 722 2008 magnis
736 1930 790 1989 isti
805 1929 976 1988 cervicibus
990 1946 1107 2006 ungues
1161 1993 1176 2018 ο

460 2016 526 2075 Nec
540 2013 654 2094 gaudet
666 2013 754 2073 tenui
769 2013 917 2091 sangnine
930 2018 1015 2071 tanta
1029 2013 1105 2072 sitis.

399 2098 541 2161 ol‘raeda
557 2117 664 2158 canum
677 2096 766 2177 lepus
781 2102 845 2174 est,
867 2103 968 2155 vastos
982 2116 1043 2156 non
1060 2096 1170 2177 implet
1183 2097 1302 2158 hiatus:

460 2183 529 2242 Non
542 2182 651 2241 timeat
665 2180 764 2240 Dacus
780 2179 922 2240 Caesaris
937 2200 1019 2240 arma
1033 2199 1120 2260 puer.

807 2328 914 2392 XXlll.

418 2443 530 2503 invitas
545 2439 663 2501 nullum
677 2441 738 2500 nisi
754 2461 821 2501 cum
837 2461 914 2520 quo,
936 2441 1045 2519 Cotta,
1066 2441 1178 2505 lavaris

461 2527 503 2586 Et
518 2525 592 2586 dant
606 2525 761 2585 convivam
774 2522 886 2584 balnea
902 2523 969 2585 sola
982 2527 1050 2586 tibi.

418 2610 572 2687 Mirabar,
596 2627 690 2687 quare
704 2629 857 2688 nunquam
873 2628 939 2687 me,
962 2610 1071 2687 Cotta,
1092 2630 1250 2672 vocasses:

460 2694 522 2753 lam
536 2694 615 2770 acio,
637 2712 686 2753 me
699 2692 813 2754 nudum
829 2688 1104 2773 displicuisse'tibi.

803 2827 913 2891 XXIV.

419 2941 541 3020 Aspicis
554 2944 720 3023 incomptis
734 2941 840 3020 illum,
862 2943 1013 3021 Deciano,
1038 2941 1177 3022 capillis,

462 3025 556 3085 caius
572 3027 688 3106 etipse
705 3027 796 3085 times
811 3028 905 3087 triste
921 3025 1136 3107 supercilium,

420 3107 480 3183 Qui
493 3105 631 3186 loquitur
646 3109 757 3169 (lurica
774 3118 1007 3189 assertoresque
1022 3109 1191 3172 Gamilloa‘l

459 3190 563 3252 Nolito
577 3192 676 3252 fronti
691 3191 836 3253 credere:
855 3196 961 3274 nupsit
971 3194 1050 3254 heri.

802 3326 898 3390 XXV.

420 3439 487 3499 Ede
505 3448 574 3500 tuos
588 3439 714 3499 tandem
727 3437 861 3520 populo,
881 3441 1047 3518 Faustina,
1066 3439 1193 3501 libellos

460 3524 502 3584 Et
517 3523 631 3584 cultum
645 3522 737 3584 docto
752 3530 882 3604 pectore
896 3525 1005 3605 profer
1019 3544 1112 3604 opus,

421 3605 510 3682 Quod
524 3627 582 3668 nec
598 3608 770 3688 Cecropiae
786 3606 932 3668 damnent
945 3605 1113 3669 Pandionia
1127 3628 1216 3669 arces

460 3691 525 3751 Nec
539 3691 653 3753 sileant
664 3694 766 3753 nostri
779 3700 1041 3773 praetereantque
1055 3712 1154 3755 senes.
