3434 4575
375 490 415 553 10
789 500 903 548 nausii

373 642 419 703 De
442 642 551 701 maiore
573 639 674 715 domo,
694 639 808 699 modice
832 642 945 699 sitiente
969 641 1082 718 lagena,

373 725 461 786 berria
483 724 578 783 loturo
604 723 658 782 sibi
682 725 849 783 Surrentina
873 724 996 800 rogabit.
1011 759 1052 770 —

373 809 469 883 lleus,
488 807 580 882 bone,
599 816 628 866 tu
641 807 799 884 pallesl—
818 806 895 866 Nihil
910 817 963 866 est.
978 843 1019 854 —
1039 806 1147 866 Videas
1159 817 1253 868 tamen
1265 810 1351 886 istud,

375 891 519 970 Quidquid
541 891 569 950 id
592 900 650 950 est:
674 892 765 968 surgit
788 891 875 950 tacite
900 891 949 950 tibi
974 891 1050 951 lutea
1075 890 1171 968 pellis.
1187 926 1227 937 -
1318 905 1352 959 95

374 976 412 1035 At
438 984 467 1034 tu
493 974 620 1034 deterius
644 973 752 1052 palles;
779 993 815 1033 ne
838 976 879 1033 sis
906 975 973 1035 mibi
992 984 1082 1041 tutor;

373 1059 433 1118 lam
460 1057 570 1136 pridem
592 1059 667 1117 huno
690 1058 799 1136 sepeli:
821 1066 850 1116 tu
873 1069 977 1119 restas.
991 1091 1033 1103 -
1052 1059 1163 1136 Perge,
1184 1060 1297 1119 tacebo.
1313 1097 1353 1107 —·

373 1142 516 1219 Turgidus
540 1142 587 1201 bic
613 1141 706 1220 epulis
733 1151 818 1220 atque
842 1142 910 1201 albo
935 1153 1036 1202 ventre
1062 1142 1181 1216 lavator,

374 1225 492 1288 Gutture
515 1226 657 1285 sulfureas
680 1225 757 1285 lente
778 1226 931 1285 exhalante
953 1226 1078 1293 melites;

374 1311 433 1370 Sed
456 1319 564 1370 tremor
584 1311 658 1368 inter
680 1310 744 1369 vina
766 1309 857 1385 subit,
882 1311 1062 1388 calidumque
1085 1312 1216 1370 trientem
1304 1326 1353 1376 too

373 1394 490 1453 Excutit
513 1412 529 1452 e
552 1392 698 1468 manibus,
721 1394 822 1453 dentes
843 1412 987 1472 crepuere
1008 1396 1121 1469 retecti,

372 1477 466 1537 Uncta
492 1478 595 1537 cadunt
618 1477 691 1536 laxis
714 1487 780 1537 tunc
803 1477 990 1556 pulmentaria
1013 1478 1109 1538 labris.

372 1560 445 1620 llinc
464 1561 549 1636 tuba,
574 1561 731 1637 candelae,
753 1563 925 1639 tandemque
945 1562 1077 1622 beatulus
1099 1563 1157 1624 alto

373 1643 558 1722 Compositus
583 1644 661 1705 lecto
689 1646 853 1723 crassisque
874 1647 978 1705 lutatus
1002 1649 1119 1705 amomis

371 1728 404 1789 ln
429 1738 540 1806 portam
562 1729 670 1806 rigidas
694 1729 792 1789 calces
815 1729 959 1789 extendit:
984 1740 1011 1790 at
1036 1730 1114 1789 illum
1303 1746 1351 1795 105

371 1812 506 1872 Hesterni
530 1814 625 1890 capite
649 1813 746 1872 induto
770 1812 887 1873 subiere
912 1814 1047 1887 Quirites.

414 1895 529 1974 Tange,
553 1898 654 1972 miser,
677 1914 766 1957 venas
788 1907 817 1957 et
839 1916 915 1976 pone
939 1900 966 1957 in
988 1908 1109 1978 pectore
1133 1900 1271 1959 dextram.
1289 1934 1331 1946 -

371 1980 418 2039 Nil
441 1981 517 2040 calet
538 1981 649 2039 bic-
670 1982 861 2059 Summosqne
885 1982 976 2060 pedes
999 1985 1107 2059 attinge
1131 2002 1296 2062 manusque.
1310 2019 1352 2029 —-

371 2063 435 2123 Non
460 2065 631 2141 frigent—
651 2063 721 2123 Visa
745 2074 790 2123 est
816 2067 840 2122 si
864 2065 939 2124 lorte
964 2068 1102 2143 pecunia,
1127 2068 1189 2126 sive

373 2144 500 2208 Candida
520 2149 605 2206 vicini
629 2147 746 2206 subrisit
770 2148 858 2206 molle
881 2149 989 2226 puella,
1259 2202 1261 2206 Α
1301 2163 1350 2215 lto

372 2228 431 2291 Cor
449 2230 499 2290 tibi
523 2231 577 2289 rite
601 2227 686 2290 salit?
709 2232 832 2309 positum
856 2241 901 2291 est
923 2232 1040 2310 algente
1063 2234 1157 2294 catino

371 2314 477 2373 Durum
498 2314 582 2389 olus,
603 2324 632 2374 et
656 2315 755 2392 populi
777 2315 872 2375 cribro
892 2316 1014 2376 decussa
1037 2317 1142 2377 larina:

370 2396 554 2476 'lemptemus
577 2399 692 2458 lauces!
717 2407 820 2458 tenero
844 2400 914 2459 latet
933 2400 1014 2459 ulcus
1038 2402 1065 2459 in
1087 2419 1139 2461 ore

369 2481 473 2557 Putre,
498 2483 575 2560 qnod
598 2481 673 2542 baud
695 2482 800 2543 deceat
822 2483 937 2561 plebeia
960 2484 1063 2543 radere
1087 2486 1163 2547 beta.

369 2564 479 2641 Alges,
503 2583 588 2642 quum
611 2569 739 2626 excussit
759 2567 894 2626 membris
916 2570 1000 2628 timor
1021 2568 1103 2628 albus
1127 2572 1244 2637 aristas;
1300 2585 1349 2636 115

369 2647 452 2707 Nunc
474 2648 539 2709 lace
562 2652 713 2728 supposita
734 2651 1010 2734 fervescitflsanguis
1035 2663 1063 2712 et
1085 2656 1126 2713 ira

370 2732 532 2792 scintillant
561 2734 653 2811 oculi,
678 2736 808 2815 dicisque
831 2734 979 2814 locisque,
1007 2738 1084 2814 quod
1109 2739 1172 2816 ipse

369 2812 433 2873 Non
456 2818 517 2875 sani
546 2836 613 2877 esse
637 2818 757 2878 hominis
780 2836 837 2877 non
861 2838 945 2879 sanus
970 2821 1044 2879 iuret
1067 2819 1195 2881 Orestes.

756 3009 952 3017 ———„--.

695 3144 929 3211 SATIRA
963 3150 1020 3212 IV.

367 3266 449 3358 llem
471 3295 571 3375 populi
595 3298 778 3357 tractas‘l-
799 3300 948 3362 barbatum
970 3304 1043 3363 haec
1067 3302 1154 3363 crede
1181 3306 1346 3381 magistrum

368 3381 493 3456 Dicere,
516 3380 637 3440 sorbitio
660 3384 735 3443 tollit
757 3401 840 3461 quern
864 3386 924 3445 dira
951 3389 1062 3446 cicutae
1082 3422 1123 3432 -

369 3462 434 3536 Quo
455 3462 568 3524 fretus?
590 3465 636 3526 dic
658 3484 675 3525 o
696 3469 789 3544 magni
810 3469 921 3547 pupille
944 3471 1058 3531 l'erioli.

369 3546 488 3607 Scilicet
509 3550 652 3626 ingenium
676 3560 705 3610 et
725 3570 821 3611 rerum
844 3553 993 3631 prudentia
1021 3554 1110 3614 velox

369 3629 444 3690 Ante
467 3631 543 3709 pilos
565 3636 658 3709 venit,
686 3634 807 3696 dicenda
829 3638 1010 3716 tacendaque
1036 3638 1128 3698 calles
1329 3652 1345 3701 c

367 3712 447 3791 Ergo
470 3714 517 3774 ubi
541 3728 681 3777 commota
704 3718 798 3779 fervet
820 3719 975 3800 plebecula
997 3722 1067 3797 bile,
