3434 4575
593 461 932 525 EPIGRAMMATON
945 462 1018 522 Llli.
1037 462 1089 525 XI.
1300 461 1365 530 267

405 620 490 678 Dixit
503 616 586 676 idem
602 617 744 694 quotiens
758 612 871 672 lascivo
885 613 958 672 luno
974 613 1132 673 Tonanti?

447 700 506 760 llle
522 707 625 759 tamen
639 695 748 777 grandi
764 716 831 756 eum
846 695 1026 775 Ganymede
1042 698 1132 757 iacet.

382 785 588 846 olncurvabat
602 781 704 861 Hylan
718 782 820 861 posito
838 780 1021 859 Tirynthius
1037 800 1123 840 arcu:

448 870 498 928 Tu
511 868 660 946 Megaran
675 864 777 925 credis
790 882 853 923 nou
869 865 1013 923 habuisse
1029 865 1140 924 nates?

406 953 587 1032 Torquebat
600 950 759 1010 Phoebum
773 948 902 1027 Daphne
917 947 1060 1025 fugitivax
1081 947 1138 1008 sed
1152 946 1222 1008 illas

446 1033 591 1096 Oebalius
605 1036 739 1093 flammas
753 1033 844 1091 iussit
862 1032 948 1091 abire
963 1049 1050 1111 puer.

405 1121 520 1180 Briseis
534 1118 661 1178 multum
677 1116 810 1194 quamvis
826 1132 933 1175 aversa
945 1116 1079 1193 iaceret,

362 1215 397 1265 10
445 1201 598 1264 Aeacidae
612 1201 741 1281 propior
754 1196 834 1257 levis
849 1200 963 1258 amicus
978 1204 1055 1258 erat.

404 1289 502 1347 Parce
516 1285 579 1345 tuis
592 1286 688 1362 igitur
701 1280 777 1341 ¹dare
792 1282 926 1342 mascula
939 1282 1063 1341 nomina
1078 1282 1187 1360 rebus,

446 1371 557 1448 Teque
572 1374 646 1448 puta
660 1384 794 1443 cunnos,
812 1384 908 1443 uxor,
929 1365 1046 1425 habere
1062 1363 1148 1428 duos.

785 1497 894 1559 XLIV.

403 1613 503 1672 Orbus
519 1629 553 1671 es
569 1617 602 1671 et
615 1607 774 1689 locuples,
797 1615 830 1669 et
843 1610 940 1669 Bruto
957 1608 1085 1670 consule
1099 1617 1188 1671 natus

443 1697 520 1755 Esse
534 1695 593 1754 tibi
606 1712 694 1754 veras
710 1691 812 1752 credis
829 1694 1000 1753 amicitias‘.l

405 1778 484 1837 Sunt
497 1795 604 1855 verae,
626 1775 682 1837 sed
699 1796 772 1855 quas
785 1778 920 1853 iuvenis,
943 1795 1016 1854 quas
1032 1796 1149 1857 pauper
1164 1778 1309 1841 habebar.

448 1862 506 1938 Qui
521 1879 616 1921 novus
631 1867 695 1939 est,
717 1865 848 1921 mortem
864 1858 967 1939 diligit
981 1858 1038 1920 ille
1054 1867 1145 1921 tuam.

794 1993 886 2055 XLV.

402 2108 528 2167 Intrasti
543 2107 686 2185 quotiens
701 2107 869 2186 inscriptae
886 2104 994 2165 limina
1007 2104 1124 2186 cellae,

444 2190 507 2252 Seu
520 2210 599 2271 puer
615 2191 736 2267 arrisit,
757 2193 822 2250 sive
838 2188 945 2270 puella
959 2190 1033 2268 tibi,

402 2275 575 2335 Contentus
588 2294 651 2334 non
666 2293 700 2334 es
713 2274 832 2336 foribus
847 2272 979 2355 veloque
994 2294 1144 2354 seraque,

447 2359 671 2435 Secretumque
685 2358 773 2418 iubes
791 2358 936 2436 grandius
952 2378 1021 2420 esse
1035 2361 1103 2419 tibi.

382 2439 566 2502 50blinitur
580 2441 723 2498 minimae
739 2442 766 2499 si
781 2460 840 2517 qua
856 2448 905 2501 est
920 2444 1049 2522 suspitio
1062 2444 1160 2503 rimae

446 2523 625 2600 Punctaque
638 2519 752 2581 lasciva
767 2541 845 2601 quae
859 2526 1062 2585 terebrantur
1077 2546 1142 2587 acu.

403 2605 500 2666 Nemo
517 2611 566 2664 est
582 2611 646 2664 tam
657 2607 760 2664 teneri
777 2612 838 2665 tam
853 2605 1043 2686 sollicitique
1057 2608 1199 2688 pudoris,

445 2690 504 2766 Qui
519 2687 569 2749 vel
582 2688 742 2769 predicat,
765 2689 938 2767 Canthace,
961 2689 1012 2750 vel
1025 2690 1128 2753 futuit.

786 2838 893 2901 XLVI.

404 2952 466 3011 lam
480 2953 541 3011 nisi
556 2970 614 3032 per
629 2971 766 3012 somnum
781 2971 844 3012 non
859 2952 969 3030 arrigis
985 2957 1018 3011 et
1032 2952 1107 3030 tibi,
1128 2951 1250 3029 Maeui,

447 3036 559 3115 Incipit
572 3036 605 3095 in
619 3034 739 3096 medior
756 3037 875 3096 meiere
891 3054 985 3115 verpa
998 3034 1113 3115 pedes,

405 3118 556 3179 Truditur
571 3126 605 3180 et
619 3118 724 3198 digitis
738 3138 897 3200 pannucea
908 3116 1046 3179 mentula
1058 3117 1166 3198 lassis,

445 3202 509 3261 Nec
522 3201 605 3263 levat
624 3205 792 3264 extinctum
806 3202 974 3264 sollicitata
989 3209 1088 3283 caput.

381 3285 489 3361 5Quid
502 3287 632 3346 miseros
646 3288 764 3348 frustra
779 3307 895 3348 cunnos
910 3286 1059 3365 culosque
1074 3285 1227 3346 lacessis?

444 3368 567 3429 Summa
580 3376 685 3450 petas3
703 3370 772 3431 illic
787 3368 925 3432 mentula
941 3372 1016 3430 vivit
1028 3388 1112 3433 anus.

780 3505 901 3567 XLVII.

403 3613 514 3674 Omnia
527 3616 671 3677 semiueis
687 3637 782 3696 quare
798 3618 912 3679 dilecta
927 3620 1059 3680 catervis

371 3748 376 3758 .
447 3697 563 3760 Balnea
579 3698 695 3761 devitat
709 3701 857 3763 Lattara?
885 3704 932 3762 Ne
946 3703 1057 3766 futuat.
