3434 4575
360 345 420 418 118
677 356 720 416 Μ.
739 354 831 418 VAE.
849 356 1076 418 monimus

444 506 563 567 Sedere
576 508 610 567 in
625 509 761 586 equitum
775 507 869 568 liceat
885 530 922 568 au
941 513 997 570 tibi
1012 514 1161 592 scamnis,

443 590 581 670 Videbo,
601 592 747 672 Didyme:
769 612 830 652 non
844 591 922 653 licet
936 597 1125 658 maritorum.

830 727 920 789 XLII.

444 820 583 882 Callidus
599 824 727 884 effracta
741 845 879 884 nummos
894 826 944 885 fur
959 827 1080 886 auferet
1095 849 1184 907 arca,

484 907 668 967 Prosternet
682 910 799 988 patrios
814 910 906 988 impia
920 912 1040 970 flamma
1052 910 1152 972 lares:

442 991 572 1050 Debitor
587 1011 709 1051 usuram
723 994 841 1071 pariter
856 1000 1034 1073 sortemque
1050 997 1194 1074 negabit,

486 1076 552 1139 Non
566 1075 681 1136 reddet
696 1074 813 1136 sterilis
829 1079 945 1137 semiue
962 1080 1041 1138 iacta
1055 1098 1162 1158 seges:

421 1159 698 1240 bDispeusatorem
712 1158 805 1220 fallax
820 1161 965 1240 spoliabit
981 1164 1092 1241 amica,

484 1243 645 1303 Mercibus
661 1249 816 1304 extructas
831 1248 944 1306 obruet
954 1246 1036 1306 unda
1052 1253 1145 1308 rates.

441 1327 536 1387 Extra
551 1327 706 1387 fortunam
721 1335 785 1404 est,
808 1331 834 1389 si
850 1330 924 1408 quid
939 1329 1070 1390 donatur
1086 1332 1211 1392 amicist

484 1411 565 1487 Quas
581 1410 721 1487 dederis,
743 1410 824 1472 solas
840 1430 964 1493 semper
977 1413 1105 1474 habebis
1121 1434 1208 1495 opes.

825 1546 929 1610 XLlil.

442 1641 537 1701 'l'bais
551 1643 647 1703 babet
660 1643 781 1722 nigros,
800 1647 906 1705 niveos
921 1646 1071 1706 Laecania
1085 1645 1208 1713 dentes,
1253 1628 1260 1633 ”

484 1726 568 1802 Quae
583 1729 662 1787 ratio
681 1728 751 1788 cst?
779 1729 908 1808 Emptos
923 1731 999 1789 haec
1014 1732 1124 1806 habet,
1145 1729 1204 1792 illa
1220 1753 1303 1797 suos.

824 1861 931 1925 XLIV.

440 1959 521 2036 Quid
536 1960 650 2018 factum
666 1965 730 2036 est,
752 1978 843 2038 rogo,
864 1960 939 2039 quid
952 1966 1083 2040 repente
1099 1962 1299 2047 factumest,

440 2043 489 2102 nd
504 2062 610 2102 cenam
627 2043 719 2120 mihi,
742 2044 859 2120 Dento,
883 2043 966 2123 quod
980 2047 1117 2123 vocanti,
1130 2079 1175 2095 -

441 2126 515 2202 Quis
531 2126 659 2186 credat?
673 2160 716 2169 -
731 2133 841 2206 quater
856 2147 946 2188 ausus
962 2147 995 2188 es
1010 2131 1147 2207 negare?

317 2219 322 2228 '
440 2208 504 2270 Sed
517 2229 576 2270 uec
592 2211 724 2291 respicis
736 2217 769 2270 et
784 2211 865 2290 fugis
881 2221 1080 2292 sequentem,

418 2295 540 2371 bQuem
555 2295 684 2355 thermis
700 2295 790 2356 modo
807 2305 959 2375 quaerere
975 2306 1007 2357 et
1022 2299 1152 2359 theatris

438 2379 480 2439 Et
496 2379 689 2439 conclavibus
705 2381 845 2440 omnibus
860 2379 989 2442 solebas.

440 2462 491 2523 Sic
506 2469 569 2540 cst,
592 2471 699 2543 captus
715 2483 749 2524 cs
764 2465 906 2524 unctiore
921 2484 1027 2526 mensa

438 2546 480 2605 Et
494 2549 590 2608 maior
604 2550 708 2627 rapuit
723 2567 828 2608 canem
844 2548 953 2610 culina.

438 2631 565 2710 inmte,
587 2632 644 2693 sed
659 2634 736 2711 cito,
760 2633 915 2711 cognitum
930 2638 962 2691 et
978 2631 1122 2692 relictum

329 2766 334 2775 .
399 2715 514 2776 locum
529 2716 697 2777 fastidierit
710 2717 823 2797 popina
837 2715 938 2793 dives,
1153 2729 1159 2734 ’

423 2800 592 2879 ·Autiquae
607 2802 713 2860 venies
729 2801 767 2860 ad
782 2819 851 2859 ossa
867 2818 971 2859 cenae.

821 2934 916 2998 XLV.

437 3034 521 3094 Dicis
536 3033 718 3109 formosam,
743 3032 820 3091 dicis
836 3039 884 3111 te,
907 3034 1017 3113 Bassa,
1033 3032 1178 3114 puellam.

435 3117 521 3178 Istud
540 3135 618 3195 quae
634 3135 695 3175 non
711 3123 760 3176 est
774 3115 897 3195 dicere,
919 3118 1028 3197 Bassa,
1052 3118 1140 3180 solet.

823 3254 929 3316 XLVI.

403 3365 409 3374 ·
436 3350 526 3409 Basia
541 3350 613 3410 dum
626 3349 700 3410 nolo
715 3354 776 3412 uisi
793 3371 871 3431 quae
886 3349 1037 3411 luctantia
1053 3355 1171 3432 carpsi,

476 3435 518 3494 Et
530 3433 635 3515 placet
647 3436 695 3494 ira
708 3437 784 3495 mihi
799 3435 870 3515 plus
886 3441 952 3512 tua,
976 3456 1065 3514 quam
1081 3436 1194 3515 facies,

434 3517 478 3578 Ut
493 3526 525 3579 te
540 3537 634 3598 sacpc
649 3536 782 3596 rogem,
795 3518 908 3596 caedo,
928 3519 1135 3598 Diadumene,
1159 3540 1271 3603 saepe:

478 3603 661 3681 Consequor
675 3602 750 3677 hoc,
772 3609 807 3661 ut
822 3622 871 3663 me
887 3622 945 3663 nec
960 3604 1085 3671 timeas.
1107 3624 1166 3665 nec
1182 3627 1277 3670 ames.
