3434 4575
349 375 411 440 148
673 374 718 436 M.
732 373 826 436 VAL.
842 372 1068 435 MARTIALIS

785 526 950 588 LXXXVI.

431 628 571 688 Setinum
587 628 790 702 dominaeque
804 627 891 684 nives
907 623 1058 702 densique
1073 625 1228 702 trientes,

475 710 602 787 Quando
617 729 675 788 ego
692 728 744 769 vos
760 708 881 768 medico
896 727 957 766 non
972 708 1162 786 prohibente
1178 709 1309 773 blbsnri

431 794 551 856 Stultus
566 802 599 855 et
612 796 750 871 Ingratus
762 810 821 852 nec
836 798 921 850 tanto
937 809 1065 851 munere
1080 790 1212 872 dIgnus,

474 881 533 957 Qui
549 878 662 939 mavolt
680 878 773 935 heres
790 875 894 934 divitis
909 893 979 935 esse
993 873 1109 935 Midae.

409 963 596 1026 bl’ossidrst
607 962 739 1038 Libycas
754 977 871 1018 messes
886 958 1097 1037 Hermumque
1113 959 1319 1041 Tagumque,

471 1049 513 1110 ut
525 1053 616 1128 potet
631 1043 764 1122 caldam,
786 1044 839 1122 qui
853 1043 929 1101 mihi
942 1040 1034 1115 livet,
1054 1062 1172 1121 aquarn.

779 1155 958 1218 LXXXVII.

431 1256 470 1316 ni
486 1258 542 1317 tibi
559 1256 635 1316 dent
651 1262 683 1315 et
699 1262 748 1333 tu,
771 1256 904 1332 Caesar,
927 1273 1127 1332 quaecunque
1144 1259 1299 1317 mereris:

473 1339 511 1398 Di
526 1341 602 1399 mihi
618 1339 693 1399 deut
708 1347 740 1398 et
754 1344 805 1416 tu,
829 1357 908 1417 quae
922 1337 1010 1416 volo,
1032 1339 1057 1398 si
1072 1340 1183 1398 merui.

777 1451 969 1514 LXXXVIII.

429 1550 524 1609 Mane
538 1549 666 1610 salutavi
679 1568 753 1610 vero
769 1557 801 1610 te
815 1553 939 1610 nomine
956 1568 1043 1626 casu,

471 1632 537 1692 Nee
551 1632 614 1693 dixi
630 1631 801 1712 dominum,
823 1633 1018 1709 caeciliane,
1040 1650 1150 1692 meum.

431 1717 544 1793 Quanti
558 1716 689 1778 libertas
704 1724 827 1778 constet
841 1718 917 1776 mihi
932 1723 1017 1775 tanta
1024 1760 1033 1793 ,
1052 1716 1214 1795 requiris?

474 1801 606 1861 Centum
622 1801 808 1880 quadrantes
825 1798 955 1861 abstulit
968 1799 1024 1859 illa
1037 1801 1122 1860 mihi.

784 1912 948 1972 LXXXIX.

430 2011 508 2070 (ium
523 2016 649 2090 peteret
663 2029 763 2070 seram
778 2009 881 2070 media
894 2011 954 2069 iam
968 2017 1059 2070 noete
1074 2010 1233 2072 matellam

472 2094 590 2171 Arguto
606 2092 746 2153 madidus
761 2092 877 2172 pollice
892 2094 1080 2172 Panaretus,

432 2175 594 2256 Spoletina
609 2176 678 2236 data
697 2184 762 2252 est,
783 2176 840 2237 sed
857 2196 946 2256 quam
962 2179 1130 2238 siccaverat
1144 2181 1233 2259 Ipse,

473 2261 539 2321 Nec
556 2262 661 2321 fuerat
676 2259 735 2321 soli
750 2268 815 2321 tota
830 2257 942 2339 lagona
956 2262 1040 2323 satis.

409 2343 491 2407 bllle
506 2344 568 2404 flde
583 2365 698 2404 summa
712 2350 812 2404 testae
827 2364 881 2404 sua
895 2347 964 2404 vina
979 2364 1138 2407 remensus

472 2428 622 2488 Reddidit
637 2430 809 2507 oenophori
823 2425 963 2507 pondera
977 2428 1070 2507 plena
1085 2432 1140 2489 sui.

429 2513 572 2589 Miraris,
595 2519 740 2591 quantum
755 2513 895 2588 biberat,
918 2514 1039 2591 cepisse
1053 2512 1218 2592 lagonsm‘t

471 2598 585 2657 Desine
600 2597 722 2674 mIrari,
743 2594 839 2655 ltufe:
862 2613 980 2654 merum
995 2597 1126 2657 biberat.

837 2727 901 2788 XC.

428 2821 594 2881 Moechum
609 2821 713 2884 Gellia
728 2844 791 2885 non
806 2827 902 2885 habet
916 2827 976 2886 nisi
991 2847 1093 2889 unum.

429 2904 537 2984 Turpe
551 2912 614 2965 ert:
636 2908 696 2967 hoc
711 2910 824 2988 magis,
846 2929 922 2969 uxor
938 2916 987 2969 est
1002 2909 1140 2972 duorum.

828 3043 907 3105 xci.

430 3136 541 3197 Sancta
557 3136 643 3198 ducis
658 3143 766 3200 summi
781 3144 930 3223 prohibet
944 3160 1075 3203 censura
1088 3149 1238 3223 vetatque

469 3221 641 3284 Moeobari.
672 3223 797 3304 Gaude,
819 3225 929 3303 Zoile,
952 3246 1014 3286 non
1028 3227 1133 3288 futuis.

822 3357 913 3422 xcu,

430 3453 573 3515 Caelatus
588 3457 645 3515 tibi
661 3476 728 3516 curn
742 3458 799 3532 sit,
819 3455 977 3533 Anniane,

345 3582 348 3586 ,
429 3536 566 3615 Serpens
581 3541 613 3599 in
628 3548 752 3618 patera,
774 3539 924 3618 Myronos
939 3546 1038 3619 artes,

429 3621 578 3682 Vaticana
593 3624 688 3683 bibis:
710 3624 791 3683 bibis
804 3640 965 3685 venenum.
