3434 4575
488 479 830 543 EPIGRAMMATON
844 480 919 543 LIB.
937 481 1014 543 VIII.
1218 480 1280 548 187

690 683 824 745 XLVIII.

317 795 441 875 Nescit,
465 798 514 857 oui
530 795 655 857 dederit
669 795 797 874 Tyriam
814 795 975 875 Crispinus
991 793 1140 876 stollam,
1203 790 1222 816 ’”

361 881 438 939 Dum
453 888 550 941 mutat
566 878 667 940 cultus
681 877 882 958 induiturque
897 889 1008 957 togam.

319 965 464 1044 Quisquis
479 966 593 1043 habes,
608 965 746 1024 humeris
761 982 814 1022 sua
827 982 956 1023 munera
970 962 1086 1044 redde,
1099 982 1276 1045 precamur:

360 1047 429 1107 Nou
443 1050 502 1108 hoc
519 1049 696 1128 Crispinus,
719 1053 752 1106 te
766 1046 824 1106 sed
836 1044 939 1107 abolla
952 1055 1049 1127 rogat.

295 1129 387 1194 5Non
404 1134 578 1211 quicunque
596 1133 679 1213 capit
695 1136 845 1191 saturatas
857 1131 974 1192 murice
987 1140 1106 1210 vestes,

360 1213 426 1276 Neo
439 1217 499 1276 uisi
514 1215 636 1276 deliciis
654 1217 798 1276 convenit
810 1217 873 1275 Iste
888 1213 984 1279 oolor.

319 1298 353 1359 si
368 1305 400 1359 te
414 1299 531 1381 praeda
541 1302 627 1359 iuvat
642 1300 789 1377 foedique
804 1300 923 1360 Insania
936 1299 1032 1379 lucri,

361 1383 427 1460 Qua
440 1386 541 1465 possis
558 1382 669 1444 melius
683 1382 813 1462 fallere,
835 1402 921 1444 sume
935 1390 1045 1462 togam.

700 1513 807 1575 XLIX.

316 1626 497 1689 Formosam
510 1647 602 1709 saue,
621 1629 679 1690 sed
692 1648 802 1688 caecus
819 1627 924 1708 diligit
937 1630 1049 1708 Asper.

359 1711 435 1773 Plus
453 1731 546 1793 ergo,
567 1719 669 1774 utres
684 1719 750 1790 est,
771 1731 861 1789 quam
875 1711 962 1773 videt
974 1714 1077 1793 Asper
1093 1721 1180 1776 amat.

738 1839 773 1899 L.

318 1956 439 2031 Quanta
455 1955 600 2033 Gigantei
615 1961 802 2016 memoratur
816 1974 923 2015 mensa
935 1957 1085 2036 triumphi

362 2040 544 2119 Quantaque
559 2060 619 2100 nox
637 2041 758 2121 superis
774 2041 914 2099 omnibus
929 2039 984 2099 illa
998 2041 1073 2120 fuit,

319 2125 385 2202 Qua
402 2125 500 2183 honus
515 2127 657 2185 accubuit
670 2126 793 2204 genItor
807 2144 876 2184 eum
890 2121 985 2204 plebe
1000 2124 1129 2186 deorum

360 2209 403 2268 Et
415 2206 505 2268 licuit
517 2208 632 2269 Faunis
645 2227 778 2291 poscere
792 2209 862 2268 vina
877 2208 994 2269 Iovem:

296 2293 423 2353 &lanta
436 2300 504 2353 tuas
520 2293 698 2373 celebrant,
721 2295 852 2373 Caesar,
875 2294 1011 2354 conuiuia
1024 2294 1146 2371 laurus3

359 2376 543 2438 Exhilarant
555 2380 640 2458 Ipsos
654 2378 763 2457 gaudia
778 2384 884 2439 nostra
900 2378 984 2441 deos.

318 2460 464 2522 Vescitur
481 2464 579 2522 omnis
596 2481 692 2542 eques
706 2468 810 2522 terum
824 2459 1020 2543 populusque
1034 2468 1220 2543 patresque,

359 2545 402 2605 Et
418 2548 500 2626 capit
516 2548 684 2608 ambrosias
699 2566 767 2605 oum
784 2545 863 2606 duee
877 2546 974 2606 Roma
991 2546 1096 2627 dapes.

321 2628 457 2689 Grandia
469 2629 628 2709 pollicitus
644 2637 757 2710 quanto
773 2631 889 2689 maiora
904 2629 1034 2689 dedisti!

277 2722 312 2773 10
357 2712 513 2773 Promissa
528 2720 578 2774 est
589 2716 678 2776 nobis
694 2710 849 2794 sportula,
871 2720 959 2773 reeta
972 2712 1044 2773 data
1060 2721 1116 2775 est.

735 2856 784 2917 LI.

280 2992 286 3000 ·
319 2970 393 3046 Quis
406 2970 495 3031 labor
510 2972 543 3031 iu
556 2972 683 3053 phiala?
706 2971 790 3033 docti
804 2973 913 3054 Myos,
936 2993 1015 3034 anne
1030 2972 1202 3055 Myronos‘.l

361 3053 516 3116 Mentoris
530 3056 609 3117 haee
623 3076 729 3117 manus
747 3063 812 3137 est,
834 3078 889 3137 au,
907 3056 1081 3138 Polyclito,
1103 3059 1178 3118 tua?

319 3136 456 3199 Liueseit
471 3138 557 3200 nulla
573 3140 703 3220 caligine
717 3142 820 3221 fusca,
843 3162 903 3204 neo
916 3142 983 3203 odit

360 3222 582 3303 Exploratores
597 3225 703 3287 nubila
717 3246 815 3287 massa
829 3227 927 3288 focos.

296 3306 404 3368 oVera
418 3308 517 3365 minus
534 3308 611 3367 flavo
627 3308 750 3370 radiant
764 3309 883 3370 electra
899 3307 1040 3387 metallo,

360 3389 403 3449 Et
419 3390 542 3449 niveum
553 3389 632 3451 felix
651 3392 773 3472 pustula
786 3394 882 3456 vineit
896 3394 982 3452 ebur.

320 3472 473 3532 Materiae
487 3492 551 3532 uon
565 3472 650 3534 cedit
664 3494 756 3555 opus:
779 3478 823 3535 sio
839 3474 944 3554 alligat
959 3476 1082 3553 orbem,

362 3554 498 3616 Plurima
515 3576 582 3616 oum
599 3563 665 3617 tota
679 3556 822 3638 lampade
836 3558 908 3618 luna
922 3560 1012 3623 nitet.

321 3638 390 3698 Stat
404 3659 497 3719 caper
514 3641 624 3703 Aeolio
641 3642 784 3702 Thebani
798 3640 919 3704 vellere
928 3644 1043 3705 ‘Phrixi

279 3734 313 3786 10
363 3722 488 3786 Cultus:
511 3727 548 3786 ab
562 3725 622 3787 hoe
636 3725 744 3787 mallet
758 3732 846 3787 recta
859 3727 956 3788 fulsse
972 3747 1069 3789 soror.
