3434 4575
582 359 922 423 nrrauaouuauon
937 360 1090 422 mauu.
1181 341 1184 345 ’
1298 361 1362 426 ιιι

401 515 491 595 Quod
504 535 566 577 nou
581 516 710 596 aprima
726 512 896 574 discurram
910 511 982 573 luce
997 531 1056 593 per
1070 514 1179 573 urbem

393 618 398 628 ·
442 602 484 661 Ει
497 600 632 660 referam
644 599 742 658 lassus
757 599 842 657 basia
856 596 942 657 mille
958 597 1089 657 domum.

378 683 468 748 asad
482 690 517 744 tu
530 687 696 764 purpureis
710 689 745 742 nt
760 681 815 741 des
829 701 908 742 nova
921 683 1046 741 nomina
1060 681 1165 760 fastis,

444 769 507 828 Aut
520 767 690 827 Nomadum
704 771 814 844 gentes
829 765 1083 846 Cappadocumve
1097 781 1203 845 regas:

402 853 445 912 Aa
457 853 549 930 mihi,
571 871 662 931 quem
676 853 760 928 cogis
774 849 894 910 medios
910 853 1095 930 obrumpere
1112 869 1235 910 somnos

442 936 484 997 Et
498 938 680 996 matutinum
695 935 781 994 ferre
795 935 922 1014 patique
937 932 1052 1012 lutum,

401 1019 484 1098 Quid
496 1020 638 1100 petitur?
665 1019 768 1101 Rupta
782 1038 849 1078 oum
865 1038 921 1100 pes
935 1037 1027 1097 vagus
1043 1018 1106 1077 exit
1121 1015 1204 1077 aluta

363 1116 398 1168 10
446 1105 488 1166 iit
503 1105 621 1164 subitus
638 1121 761 1163 crassae
776 1101 895 1163 decidit
911 1104 1012 1162 imber
1027 1120 1141 1181 aquae,

401 1188 467 1248 Nea
478 1189 567 1257 ¹seuit
584 1187 694 1247 ablatis
708 1185 856 1246 clamatus
871 1206 967 1247 verna
980 1186 1135 1263 lacerniS,
1202 1243 1206 1247 ,

444 1270 576 1331 Accedit
591 1270 722 1349 gelidam
737 1266 847 1330 servus
859 1270 898 1330 ad
914 1267 1097 1347 auriculam,

399 1357 442 1419 Et
455 1355 577 1433 „Rogat
589 1362 625 1415 ut
638 1373 742 1415 seeum
757 1373 851 1414 cenes
868 1354 1053 1415 Laetorius“
1068 1354 1178 1431 inquit.

442 1439 561 1517 Viginti
575 1439 730 1499 nummis?
751 1458 812 1498 non
827 1457 901 1518 ego:
922 1437 1001 1498 malo
1017 1438 1145 1515 famem,

358 1525 497 1600 15Quam
512 1524 554 1583 sit
568 1542 644 1583 cena
659 1523 751 1600 mihi,
771 1524 830 1582 tibi
845 1524 886 1582 sit
899 1524 1058 1602 provincia
1069 1538 1207 1599 merces,

441 1608 482 1666 Et
495 1605 643 1667 faciamus
658 1605 758 1683 idem,
779 1623 838 1664 neo
852 1624 1027 1665 mereamur
1041 1604 1134 1665 idem.

776 1738 900 1801 XXVII.

401 1857 429 1915 A
442 1854 614 1916 latronibus
629 1872 699 1913 esse
715 1859 748 1913 te
764 1832 897 1913 fututam

400 1939 501 2018 Dicis,
523 1939 651 2000 Saenia:
674 1935 729 1997 sed
744 1943 859 2016 negant
873 1936 1020 1999 latrones.

774 2070 910 2133 XXVIII.

398 2184 478 2244 Poto
494 2202 551 2261 ego
566 2187 739 2262 sextantes,
761 2189 795 2243 tu
807 2189 913 2264 potas,
936 2183 1051 2261 Cinna,
1074 2181 1226 2262 denudes,

440 2267 483 2326 Et
498 2266 639 2343 quereris
655 2265 737 2345 quod
750 2286 829 2347 non,
852 2268 966 2345 Ginna,
987 2268 1125 2328 bibamus
1138 2266 1245 2329 idem?

787 2401 895 2463 XXIX.

402 2509 617 2588 Hermogenes
631 2516 735 2573 tantus
747 2533 940 2593 mapparum,
960 2513 1136 2589 †Pontioe‚
1158 2514 1210 2574 fur
1224 2520 1289 2596 est,

445 2594 583 2669 Quantus
597 2615 788 2657 nummorum
801 2599 868 2674 vix,
887 2602 981 2676 puto,
1003 2596 1106 2655 Massa
1119 2596 1189 2657 fuit.

402 2676 451 2735 'l'u
465 2676 541 2738 lieet
556 2681 702 2741 observes
717 2679 855 2740 dextram
872 2687 1041 2757 teneasque
1057 2681 1228 2760 sinistram,

441 2759 596 2841 inveniet,
617 2784 757 2844 mappam
774 2783 833 2842 qua
848 2764 970 2822 ratione
985 2764 1096 2824 trahat.

380 2843 554 2906 50ervinus
570 2846 707 2926 gelidum
720 2850 829 2907 sorbet
842 2848 887 2905 sio
902 2845 1015 2907 halitus
1031 2866 1178 2928 anguem,

384 3008 387 3012 ,
442 2929 573 2998 Casuras
589 2930 651 2990 alte
666 2932 712 2990 sio
726 2931 810 3010 rapit
823 2930 881 2989 Iris
897 2950 999 3009 aquas.

399 3011 507 3092 Nuper
521 3034 590 3074 oum
604 3015 731 3094 Myrino
743 3019 908 3094 peteretur
922 3016 1027 3075 missio
1041 3014 1142 3093 laeso,

443 3096 596 3158 Subduxit
609 3118 733 3178 mappas
750 3105 895 3177 quattuor
909 3100 1134 3176 Hermogenes.

401 3179 559 3240 Cretatam
575 3188 703 3260 praetor
718 3202 786 3242 oum
800 3182 897 3243 vellet
911 3184 1038 3241 mittere
1051 3200 1208 3261 mappam,

360 3274 395 3324 10
441 3263 586 3322 Praetori
603 3283 742 3342 mappam
758 3267 880 3344 surpuit
894 3265 1118 3342 Hermogenes.

401 3345 559 3405 Attulerat
573 3365 711 3425 mappam
726 3365 833 3425 nemo,
855 3346 927 3406 dum
940 3346 1025 3406 furta
1037 3348 1202 3408 timentur:

442 3428 576 3489 Montila
591 3447 608 3488 e
624 3448 728 3488 mensa
742 3432 862 3513 surpuit
876 3431 1099 3509 Hermogenes.

401 3510 470 3569 IIoo
488 3530 608 3591 quoque
627 3510 785 3593 dicerit,
806 3513 926 3574 medios
942 3513 1117 3593 discingere
1132 3513 1233 3576 lectos

402 3596 687 3737 MMensarumque
700 3597 798 3680 pedes
813 3617 876 3660 uon
890 3599 980 3659 timet
995 3599 1218 3743 Hormopgnos.

442 3698 511 3743 aar.
