3434 4575
733 475 859 528 surm
882 475 921 530 n.

325 619 475 697 Libertas,
499 629 530 680 et
551 620 631 680 crine
653 637 746 681 senex
765 621 906 682 ianeticus
928 620 996 683 albo

324 705 482 766 Sacrorum
504 706 640 781 antistes,
661 723 756 765 rerum
779 724 815 766 ac
832 704 1024 767 memorabile
1046 708 1141 785 magni

324 789 452 851 Gutturis
476 789 642 868 exemplum
665 790 933 871 conducendusque
953 790 1101 868 magister.

324 873 398 948 Quid
413 883 510 934 tamen
527 882 718 953 exspectent,
742 875 869 952 Phrygio
886 892 961 956 quos
978 883 1093 953 tempus
1109 886 1171 936 erat
1189 878 1243 937 ianr
1276 889 1321 939 tto

324 957 406 1019 llore
429 976 642 1035 supervacuam
665 959 766 1020 cultris
789 959 964 1039 abrumpere
988 955 1127 1020 carnem?

323 1041 544 1119 Quadringenta
568 1042 648 1103 dedit
665 1043 814 1104 Gracchus
839 1045 974 1104 sestertia
998 1044 1093 1104 dotern

323 1125 491 1202 comicini,
515 1128 579 1187 sive
601 1127 649 1187 hic
670 1137 753 1188 recto
774 1137 943 1189 cantaverat
963 1146 1051 1189 aere:

323 1212 463 1290 Signatae
486 1210 624 1284 tabulae;
648 1212 754 1272 dictum
777 1211 931 1273 Feliciter!
954 1213 1057 1291 ingens

323 1294 423 1357 Coena
448 1296 548 1370 sedet,
570 1296 683 1374 gremio
701 1298 789 1358 iacuit
812 1315 887 1358 nova
911 1306 998 1376 nupta
1020 1297 1123 1356 mariti.
1273 1309 1322 1360 120

324 1379 347 1440 0
370 1398 533 1460 proceres,
557 1397 682 1441 censore
704 1399 779 1460 opus
798 1391 843 1441 est
862 1400 898 1443 an
921 1382 1077 1459 haruspice
1101 1377 1209 1440 nohisi

323 1466 445 1526 Scilicet
467 1465 607 1525 horreres
625 1465 793 1546 maioraque
816 1477 943 1536 monstra
966 1474 1096 1545 putares,

323 1551 354 1610 Si
377 1549 483 1610 rnulier
503 1549 622 1609 vitulum
642 1550 690 1611 vel
713 1552 737 1610 si
760 1549 816 1610 bos
838 1551 941 1612 ederet
960 1545 1087 1628 agnum?

323 1635 483 1713 Segrnenta
506 1643 534 1695 et
556 1633 664 1713 longos
683 1634 797 1696 habitus
820 1645 849 1696 et
872 1635 1002 1696 hammer
1023 1635 1118 1709 sumit,

323 1718 441 1779 Arcano
462 1720 511 1799 qui
533 1737 617 1779 sacra
639 1718 738 1779 ierens
757 1720 883 1781 nutantia
912 1719 976 1779 loro
1273 1730 1321 1784 lto

323 1803 444 1864 Sudarit
476 1803 582 1883 clipeis
604 1802 756 1864 ancilibus.
803 1802 826 1863 0
849 1813 934 1881 pater
953 1803 1042 1879 urbis,

323 1887 406 1950 Unde
429 1887 514 1948 neias
534 1896 640 1948 tanturn
663 1885 750 1948 hstiis
771 1886 959 1967 pastoribus?
982 1887 1057 1948 unde

323 1970 404 2032 llaec
425 1972 537 2051 tetigit,
560 1971 702 2048 Gradive,
725 1982 790 2032 tuos
813 1974 904 2032 urtice
928 1969 1074 2051 nepotes?

323 2055 459 2117 'lraditur
482 2074 556 2116 ecce
578 2058 641 2116 riro
665 2055 761 2117 clarus
783 2075 896 2135 genere
919 2066 1005 2137 atque
1029 2057 1134 2137 opibus
1155 2057 1214 2116 vlr:

325 2139 387 2202 Nec
409 2140 525 2220 galeam
546 2159 685 2220 quassos,
711 2160 767 2203 nec
789 2151 897 2202 terram
921 2141 1042 2220 cuspide
1065 2141 1175 2221 pulsas,

323 2224 386 2286 Nec
410 2226 545 2307 quereris
565 2222 660 2304 patrii
683 2226 758 2286 rade
779 2236 900 2305 ergoet
923 2226 997 2287 cede
1021 2226 1120 2289 severi

322 2310 477 2389 iugeribus
501 2311 612 2390 campi,
633 2330 719 2392 quern
742 2312 895 2392 neglegis!
908 2344 951 2357 ·-
970 2309 1103 2372 Oiliciurn
1126 2328 1190 2370 cras

324 2395 417 2456 Primo
440 2394 505 2455 sole
526 2395 593 2456 rnihi
616 2396 815 2475 peragendum
837 2398 865 2456 in
884 2396 962 2457 valle
987 2397 1106 2470 Quirini.

323 2478 405 2553 Quae
429 2497 516 2540 causa
540 2478 651 2541 oidciii
674 2482 740 2561 quid
764 2480 902 2561 quaeris?
928 2481 1007 2542 nubit
1030 2483 1149 2556 amicus,

323 2562 386 2625 Nec
407 2562 515 2624 multos
533 2564 815 2626 adhibet—Liceat
827 2567 915 2626 ruodo
930 2567 1050 2627 virere:
1073 2566 1152 2640 deut,

323 2646 406 2708 Fient
426 2650 482 2709 ista
507 2648 618 2727 palarn,
643 2651 760 2729 cupient
783 2660 812 2710 et
835 2652 864 2710 in
887 2659 952 2711 acta
973 2650 1088 2711 referri.

323 2733 438 2794 luterea
460 2742 632 2794 tormentum
654 2736 757 2812 ingens
776 2734 950 2795 nubentibus
972 2734 1084 2811 haeret,

323 2816 408 2890 Quod
430 2828 576 2897 nequeunt
596 2837 702 2897 parere
724 2829 754 2879 et
776 2829 858 2898 partu
880 2821 1008 2881 retinere
1030 2820 1165 2890 maritos;

323 2902 381 2962 Sed
406 2900 527 2977 melius,
549 2903 627 2982 quod
649 2903 688 2964 nil
706 2904 807 2964 animis
829 2905 857 2963 in
879 2921 1005 2983 corpora
1029 2905 1097 2965 iuris

324 2984 431 3046 Natura
453 2986 600 3064 indulget:
624 2988 742 3048 steriles
765 2991 934 3063 moriuntur,
962 2998 991 3048 et
1013 2989 1072 3050 illis

323 3067 450 3149 Turgida
472 3088 529 3130 non
547 3071 670 3149 prodest
693 3073 808 3134 condita
833 3072 941 3153 pyxide
963 3070 1053 3149 Lyde,

321 3152 386 3231 Nec
409 3154 531 3235 prodest
552 3155 621 3235 agili
640 3156 750 3236 palmes
772 3158 920 3236 praebere
954 3160 1087 3237 luperco.

323 3238 399 3299 Vicit
419 3248 449 3300 et
472 3239 531 3301 hoe
550 3252 708 3302 monstrum
731 3244 850 3303 tunicati
873 3243 983 3303 fuscina
1007 3241 1143 3318 Gracchi,

323 3322 524 3405 bustravitque
543 3324 612 3403 iuga
634 3326 758 3387 mediam
777 3326 923 3404 gladiator
943 3344 1072 3402 arenam,

324 3406 358 3467 Et
382 3405 556 3488 Capitolinis
578 3411 757 3489 generosior
779 3412 823 3491 [et
844 3409 995 3472 blareellis

323 3489 359 3551 Et
380 3489 476 3554 Catuli
500 3492 642 3574 Paulique
673 3495 844 3576 minoribus}
867 3505 897 3556 et
917 3493 1016 3556 Fabiis
1035 3503 1064 3555 et

323 3573 460 3639 Omnibus
483 3576 519 3639 ad
540 3579 656 3657 podiurn
680 3579 898 3660 spectantibus,
924 3579 968 3639 his
991 3578 1063 3640 licet
1085 3580 1177 3658 ipsum

328 3660 507 3739 hdnroreas,
531 3664 613 3724 culus
634 3674 702 3725 tunc
723 3683 844 3725 munere
867 3664 940 3725 retia
962 3663 1047 3723 misit.

278 3817 282 3826 ,
363 3746 438 3809 Esse
462 3747 579 3827 aliquos
600 3767 699 3809 manes
723 3759 752 3810 et
774 3749 964 3811 subterranea
986 3765 1076 3822 regna
