3434 4575
570 463 910 525 EPIGRAMMATON
923 463 997 527 LlB.
1012 464 1078 528 Vll.
1285 465 1345 532 155

386 616 489 696 Seque
506 619 650 677 obserata
665 616 758 679 clusit
773 618 879 679 anxius
893 613 973 676 cella

384 701 520 764 Gulosus
534 699 608 779 ille,
629 707 757 780 postero
772 700 824 761 die
842 699 958 762 vendit.

781 834 861 897 xxi.

383 949 471 1009 Haec
486 955 535 1009 est
548 947 605 1010 illa
619 948 703 1025 dies,
725 967 804 1028 quae
818 948 922 1026 magni
937 948 1061 1009 conscia
1073 953 1180 1026 partus

426 1032 583 1093 Lucanum
600 1030 724 1115 populis
739 1038 772 1093 et
785 1033 862 1110 tibi,
883 1028 991 1107 Polla,
1015 1029 1111 1093 dedit.

383 1117 472 1177 Heu!
501 1116 585 1177 Nero
601 1115 738 1177 crudelis
751 1113 899 1193 nullaque
914 1115 1042 1174 invisior
1057 1116 1180 1193 umbra,

426 1200 542 1260 Debuit
553 1201 613 1261 hoc
628 1198 731 1260 saltim
747 1220 811 1260 nou
825 1199 953 1259 licuisse
968 1199 1035 1260 tibi.

780 1331 873 1394 XXll.

384 1448 473 1511 Vatis
488 1444 647 1526 Apollinei
662 1465 770 1524 magno
787 1444 995 1506 memorabilia
1012 1451 1084 1505 ortu

426 1531 493 1590 Lux
507 1530 606 1591 redita
628 1528 783 1590 Aonidum
797 1532 906 1608 turba,
925 1529 1028 1589 favete
1043 1530 1149 1591 sacris.

384 1615 472 1676 Haec
484 1617 616 1692 meruit,
639 1634 706 1674 cum
723 1621 756 1673 te
772 1616 885 1691 terris,
906 1614 1047 1691 Lucane,
1070 1610 1226 1692 dedisset,

427 1699 544 1761 Mixtus
560 1696 714 1759 Castaliae
729 1699 834 1757 Baetin
848 1703 884 1756 ut
899 1703 984 1758 esset
1000 1715 1106 1776 aquae.

770 1830 878 1894 XXllI.

384 1943 529 2021 Phoebe,
551 1943 640 2019 veni,
663 1939 720 2010 sed
735 1947 866 2021 quantus
882 1958 971 2017 eras,
993 1959 1061 2001 cum
1075 1936 1161 2001 bella
1177 1941 1299 2001 tonanti

427 2025 498 2105 lpse
514 2026 605 2087 dares
619 2026 727 2086 Latiae
746 2024 871 2107 plectra
886 2022 1021 2085 secunda
1034 2024 1131 2103 lyrae.

386 2109 468 2186 Quid
481 2116 567 2170 tanta
580 2129 638 2188 pro
654 2109 724 2171 luce
739 2109 876 2189 precer?
905 2109 971 2186 Tu,
992 2106 1098 2187 Polla,
1119 2108 1262 2169 muitum

428 2193 529 2274 Saepe
544 2192 628 2254 colas
643 2200 676 2254 et
690 2195 851 2254 assentiat
863 2190 919 2255 ille
934 2189 1006 2255 coli.

768 2342 878 2405 xxiv.

386 2455 464 2515 Cum
474 2453 618 2516 Iuvenale
632 2474 701 2516 meo
717 2473 795 2533 quae
811 2474 862 2514 me
877 2456 1072 2516 committere
1085 2460 1235 2536 temptas,

430 2537 512 2614 Quid
526 2560 589 2600 uon
603 2539 748 2617 audebis,
768 2538 890 2619 perlida
901 2537 1023 2617 lingua,
1044 2538 1154 2618 loqui?

387 2621 435 2682 Te
449 2623 588 2701 lingente
601 2624 690 2684 nefas
710 2621 849 2702 Pyladen
865 2622 983 2683 odisset
997 2623 1145 2702 Orestes,

431 2705 556 2767 Thesea
574 2707 709 2767 Pirithoi
723 2706 919 2767 destituisset
934 2725 1035 2780 amor3

365 2789 439 2850 5'l'u
455 2789 575 2851 Siculos
590 2792 705 2851 fratres
722 2797 755 2850 ct
767 2791 864 2849 maius
877 2807 991 2849 nomen
1003 2789 1130 2849 Atridas

429 2875 472 2934 Et
486 2874 589 2935 Ledae
602 2881 729 2956 poteras
744 2873 913 2934 dissociare
928 2892 1033 2953 genus.

388 2956 456 3016 Hoc
469 2958 528 3018 tibi
540 2979 598 3038 pro
612 2960 732 3019 meritis
746 2964 780 3019 et
792 2956 907 3019 talibus
920 2960 1076 3037 imprecor
1092 2958 1189 3035 ausis,

429 3041 474 3101 Ut
488 3041 584 3103 facias
598 3041 696 3122 illud,
720 3042 819 3122 quod,
840 3050 933 3122 puto,
954 3041 1074 3121 lingua,
1092 3043 1179 3104 facia.

776 3175 872 3239 XXV.

386 3287 498 3349 Dulcia
513 3308 581 3349 cum
595 3292 847 3351 tantum-scribas
862 3292 1082 3369 epigrammata
1096 3305 1220 3367 semper

429 3372 472 3431 nt
486 3380 643 3432 cerussata
656 3371 835 3432 candidiora
849 3380 937 3449 cute,

387 3453 541 3532 Nullaque
554 3457 634 3516 mica
646 3456 719 3516 salis
732 3473 791 3514 nec
804 3457 899 3515 amari
913 3453 998 3514 fellis
1012 3455 1046 3513 in
1058 3452 1125 3515 illis
1143 3477 1146 3484 ·

431 3538 527 3598 Gutta
541 3539 599 3616 sit,
619 3558 637 3597 o
657 3536 802 3616 demens,
821 3539 868 3598 ais
883 3544 987 3598 tamen
1000 3535 1056 3606 illa
1069 3535 1149 3616 legi!

360 3620 455 3683 5Neo
470 3622 556 3681 cibus
571 3624 639 3705 ipse
650 3624 736 3681 iuvat
743 3640 851 3682 morsu
865 3618 1025 3682 fraudatus
1040 3622 1136 3698 aceti,

430 3703 497 3765 Nec
512 3711 599 3784 grata
613 3715 662 3767 est
675 3706 790 3786 facies,
812 3707 862 3767 cui
876 3703 1030 3786 gelasinus
1048 3708 1146 3766 abest.
