3434 4575
351 311 417 376 3³2
678 313 724 375 M.
739 312 832 376 vni..
847 313 1077 377 MARTIALIS

684 514 762 578 clv.
784 512 905 576 Soccus
917 519 1066 580 tricarim

436 615 608 674 Attenuare
620 615 709 675 nives
723 621 838 674 norunt
853 619 886 674 ct
900 614 998 676 linteo
1011 625 1138 677 nostre:

477 697 637 777 Frigidior
653 697 723 759 colo
737 718 800 758 non
814 698 886 759 sulit
900 699 981 760 unda
995 706 1059 760 tuo.

649 832 714 896 GV.
743 830 867 894 Urceoli
876 834 1106 895 ministratorii.

436 930 564 1010 Frigido
578 950 641 991 non
655 930 754 1008 desit,
773 950 836 992 non
850 931 955 992 decrit
968 929 1058 991 calda
1071 937 1211 1012 petenti.

478 1014 543 1076 Sed
557 1022 590 1075 tu
605 1035 727 1075 morose
739 1013 851 1076 ludere
866 1035 960 1096 parce
976 1016 1039 1078 siti.

705 1149 782 1212 cvl.
809 1147 926 1212 Urceus
929 1149 1052 1230 fictilis.

436 1249 497 1308 llic
511 1249 570 1308 tibi
586 1247 718 1308 donutnr
734 1247 836 1328 psndu
849 1250 946 1309 ruber
961 1266 1073 1309 urceus
1088 1268 1173 1309 unse.

478 1332 601 1391 Stoicus
614 1332 674 1392 hoc
690 1330 823 1410 gelidum
836 1333 957 1392 Fronto
968 1333 1099 1412 petebat
1112 1353 1236 1412 squam.

750 1464 841 1528 cvss.
865 1464 1002 1526 Galotlu'.

433 1564 497 1626 Nos
510 1564 631 1644 Satyri,
652 1583 709 1624 nos
724 1565 862 1625 Bocchus
876 1572 972 1642 amsi,
993 1584 1050 1625 nos
1064 1565 1154 1625 ebrie
1168 1567 1281 1647 tigris,

476 1649 624 1710 Perfusos
638 1647 754 1708 domini
767 1645 907 1710 lambere
923 1649 1014 1709 doctu
1026 1647 1135 1729 pedes.

648 1782 752 1844 cvm.
779 1781 898 1844 Calices
911 1771 1092 1864 Saguntini.

434 1883 519 1960 Quae
534 1902 596 1942 non
611 1878 765 1942 sollicitus
781 1885 888 1939 teneat
902 1887 1069 1958 servetque
1086 1880 1252 1962 minister,

479 1967 572 2027 Sume
586 1965 756 2044 Saguntino
770 1962 883 2043 poculo
899 1964 980 2025 iscis
993 1962 1070 2026 luto.

673 2099 751 2159 CIX.
778 2099 899 2158 Calices
912 2100 1071 2179 gemmati.

435 2199 627 2258 Gemmatum
642 2195 797 2273 Scythicis
812 2201 846 2257 ut
858 2192 965 2256 luccat
978 2196 1102 2274 ignibus
1117 2216 1246 2278 nurum,

476 2279 600 2359 Aspice.
632 2278 715 2356 Quot
728 2276 843 2359 digitos
858 2281 945 2341 exuit
957 2281 1018 2341 istc
1035 2278 1127 2341 culix!

682 2415 745 2477 CX.
769 2415 922 2496 Ampulla
930 2417 1067 2497 potorio.

433 2514 500 2574 Huc
512 2512 590 2575 licet
604 2516 638 2574 in
652 2532 786 2593 gemma,
809 2522 913 2575 servat
927 2533 1005 2593 quse
1020 2514 1144 2574 nomina
1159 2515 1285 2597 Cosmi,

473 2597 660 2676 Luxurioso,
680 2600 783 2677 bibus,
805 2600 833 2659 si
847 2597 956 2659 foliato
971 2600 1050 2657 sitis.

716 2732 793 2793 cxi.
819 2731 1021 2812 Crystallina.

430 2829 590 2909 Frangere
605 2829 675 2889 dum
691 2832 818 2906 metuis,
841 2832 965 2907 irunges
981 2825 1179 2908 crystallinus
1200 2838 1333 2913 peccaui

475 2914 609 2975 Securae
622 2915 749 2974 nimium
764 2913 980 2993 sollicitaeque
995 2932 1111 2973 manus.
1149 2970 1155 2981 ,

686 3047 777 3108 cxli.
799 3044 930 3109 Nimbus
943 3050 1053 3108 viteus.

431 3147 458 3205 A
472 3147 542 3207 love
559 3148 611 3227 qui
625 3148 747 3225 veniet,
769 3147 927 3209 miscendo
941 3148 980 3209 sd
992 3144 1104 3227 pocnlu
1118 3146 1223 3227 lorgss

362 3314 364 3316 ι
470 3230 597 3293 Fundet
610 3233 731 3292 nimbus
746 3252 856 3311 uquust
877 3232 929 3292 hic
945 3232 1004 3292 tibi
1020 3233 1088 3291 vinu
1104 3230 1203 3293 dubit.

729 3365 833 3427 cxlii.
854 3365 1009 3427 Murrina.

428 3464 462 3525 Si
477 3462 598 3525 caldum
611 3472 717 3547 potus,
736 3452 860 3528 ordonii
873 3484 977 3529 murro
990 3461 1126 3524 Falerno

471 3549 624 3611 convenit
638 3556 672 3610 et
685 3549 796 3611 melior
809 3550 845 3609 iit
861 3568 953 3630 sapor
966 3545 1039 3608 inde
1053 3564 1150 3607 mero.
