3434 4575
641 855 999 953 rutilarit.

410 1129 460 1188 De
474 1127 580 1186 Persio
602 1127 750 1209 quidquid
764 1128 902 1188 novimus
924 1128 989 1188 fere
1010 1125 1156 1187 habemus
1177 1147 1217 1187 ex
1232 1127 1307 1187 auti·

330 1231 391 1294 qua
404 1211 477 1286 vite,
494 1230 585 1292 quam
601 1211 722 1271 codices
737 1217 771 1271 de
787 1216 980 1272 commentario
994 1213 1081 1270 Probi
1100 1214 1203 1271 Valerii
1216 1214 1308 1270 adia-

328 1306 384 1355 tam
397 1294 647 1374 praedicant,alii
661 1295 789 1356 fortasse
805 1295 846 1355 ad
861 1294 999 1356 Suetonii
1013 1294 1187 1375 Tranquilli
1201 1295 1309 1357 librum

329 1379 367 1439 de
395 1380 468 1438 viris
492 1378 659 1438 illustribus
681 1380 796 1440 referre
814 1380 943 1453 malent,
971 1398 1061 1460 quam
1088 1388 1191 1440 tamen
1211 1380 1310 1459 ipsum

328 1462 460 1522 Probum
478 1471 631 1522 auctorem
651 1465 738 1543 sequi
751 1464 888 1544 potuisse
905 1461 942 1525 Ο.
964 1460 1095 1523 Jahnius
1114 1463 1146 1522 in
1160 1463 1308 1524 Ritschel.

329 1547 454 1624 Parerg.
477 1546 610 1605 Plautin.
630 1567 661 1625 p.
685 1544 746 1606 618
771 1557 802 1609 et
823 1548 882 1607 Th.
906 1548 1121 1607 Mommsenius
1138 1549 1171 1607 in
1193 1545 1307 1608 Oomm.

327 1629 398 1690 Soc.
416 1631 460 1689 lit.
476 1631 561 1709 Lips.
577 1631 614 1688 Τ.
636 1631 660 1702 Ι,
676 1652 706 1710 p.
725 1630 785 1690 677
802 1631 890 1690 docte
905 1640 1100 1707 monuerunt;
1120 1630 1200 1691 hanc
1218 1632 1309 1709 igitur

326 1733 433 1794 presse
455 1722 592 1787 secutus,
609 1715 751 1794 quoniam
771 1716 862 1775 etiam
880 1714 918 1774 de
934 1723 1027 1793 poeta
1046 1716 1112 1793 ipso
1133 1733 1232 1774 novae
1253 1713 1307 1774 Sa·

327 1800 453 1858 tirarnm
466 1798 548 1858 illius
564 1797 689 1858 editioni
703 1797 820 1879 aliquid
829 1798 982 1877 praemitti
995 1798 1146 1857 redemtor
1159 1797 1307 1858 honestis«

328 1883 419 1941 simus
437 1882 547 1956 voluit,
565 1901 644 1962 quae
665 1881 737 1941 mihi
758 1891 919 1961 praeterea
935 1881 976 1940 ad
995 1881 1075 1941 hanc
1089 1881 1308 1962 praefationem

327 1967 481 2045 pertinere
495 1966 563 2025 visa
578 1974 655 2039 sunt,
668 1974 720 2025 ant
733 1966 889 2026 literarum
899 1965 1002 2025 formis
1015 1965 1156 2025 distincta
1166 1965 1241 2044 ipsis
1255 1985 1308 2026 ve-

327 2050 400 2109 teris
422 2050 609 2128 grammatici
629 2049 730 2110 verbis
752 2050 920 2129 interposui
942 2058 995 2108 aut
1018 2049 1058 2108 ad
1082 2049 1173 2108 finem
1196 2057 1310 2130 quanta

326 2134 412 2212 potui
427 2133 577 2194 brevitate
594 2133 721 2211 subjeci.

412 2221 500 2276 Natus
527 2218 681 2297 igiturest
705 2221 793 2278 Aulus
814 2221 929 2277 Persius
952 2221 1073 2276 Flaccus
1094 2222 1188 2293 pridie
1213 2221 1310 2277 Nonas

327 2306 490 2362 Decembres
510 2306 596 2361 Fabio
615 2305 727 2362 Persico
750 2306 833 2362 dado
864 2307 965 2363 Vitellio
988 2306 1156 2375 consulibus,
1180 2302 1233 2384 qui
1255 2321 1308 2361 au-

328 2406 384 2445 cus
403 2394 468 2446 erat
481 2407 512 2465 p.
530 2384 600 2446 chr.
615 2406 645 2444 n.
662 2384 711 2460 34,
733 2408 763 2446 ιι.
789 2408 816 2446 c.
832 2384 910 2463 7873
932 2390 1047 2445 decessit
1069 2388 1148 2446 VIII
1165 2390 1310 2445 Kalendas

327 2473 492 2529 Decembres
516 2472 613 2529 Publio
632 2473 725 2530 Mario
745 2475 838 2529 Asinio
862 2474 939 2530 Gallo
964 2472 1133 2543 consulibus,
1155 2469 1254 2531 idest
1277 2492 1309 2551 p.

329 2551 401 2613 Chr.
422 2575 452 2612 n.
469 2552 519 2628 62,
538 2575 569 2613 n.
588 2575 614 2613 c.
634 2551 705 2628 815,
728 2555 809 2614 unde
824 2574 864 2614 ne
885 2553 1170 2633 duodetrigesimum
1187 2553 1310 2635 quidem

328 2656 440 2697 annum
455 2638 605 2716 integrum
621 2657 688 2697 eum
706 2638 906 2717 complevisse
926 2637 1131 2716 intelligimus.
1167 2641 1257 2698 Natus
1271 2646 1311 2697 est

327 2727 356 2780 ia
377 2725 494 2779 Etruria
523 2725 673 2781 Volaterris
693 2740 774 2797 eques
794 2724 950 2795 Romanas,
972 2726 1104 2797 sanquine
1122 2731 1148 2780 et
1174 2724 1311 2798 affinitate

327 2810 411 2883 primi
434 2809 539 2865 ordinis
558 2810 623 2865 airis
648 2810 823 2880 conjunctas,
845 2826 904 2887 quo
930 2825 970 2866 ex
985 2825 1098 2884 genere
1112 2825 1174 2865 non
1191 2805 1310 2866 dubita-

328 2908 393 2948 mus
408 2890 481 2971 quin
498 2890 589 2949 etiam
606 2890 718 2950 Lucilii
734 2889 787 2949 ille
803 2890 940 2970 aequalis
956 2890 1060 2963 fuerit,
1076 2910 1166 2971 quem
1184 2889 1309 2951 Catulus

329 2971 412 3053 apud
433 2971 498 3033 Cio.
514 2971 600 3035 Orat.
617 2974 659 3032 11.
684 2972 713 3033 6.
732 2970 771 3032 25
792 2975 923 3034 omnium
940 2994 1013 3035 suae
1029 2974 1137 3034 aetatis
1158 2973 1310 3034 hominnm

328 3055 532 3117 doctissimum
554 3058 690 3137 appellat
707 3058 867 3139 eidemque
882 3058 1028 3132 nonnulli,
1043 3067 1121 3118 teste
1144 3056 1207 3118 Cic.
1222 3058 1308 3117 Brut.

328 3136 379 3201 26.
397 3138 452 3215 99,
469 3142 636 3201 orationem
653 3162 672 3200 a
686 3142 804 3201 Fannio
819 3151 924 3202 contra
941 3141 975 3203 O.
993 3141 1162 3203 Gracchum
1175 3140 1310 3201 habitam
1401 3144 1405 3150 “

326 3223 514 3301 tribuebant;
537 3258 579 3269 -
595 3230 709 3284 decessit
728 3234 829 3285 autern
849 3237 952 3287 noster
967 3231 1005 3285 ad
1018 3237 1140 3286 octavum
1154 3229 1309 3283 adiliarium

327 3313 372 3366 via
391 3311 528 3383 Appiam
544 3313 670 3383 praedas
692 3314 765 3384 suis,
792 3330 872 3390 quae
893 3319 963 3370 sunt
983 3310 1035 3391 qui
1052 3308 1115 3369 Sat.
1132 3308 1186 3367 VI.
1205 3307 1245 3367 55
1260 3326 1308 3368 re·

326 3392 404 3470 spici
427 3401 550 3471 putant,
574 3413 749 3473 quanquam
769 3395 831 3453 alia
856 3415 977 3475 quoque
999 3395 1031 3453 iu
1050 3393 1193 3452 Etruriae
1213 3392 1308 3453 conti·

326 3494 445 3554 guaeve
461 3477 607 3554 Liguriae
630 3497 683 3537 ora
705 3497 774 3537 eum
789 3478 962 3557 possedisse
984 3498 1024 3537 ex
1045 3475 1181 3554 ejusdem
1197 3477 1309 3538 satirae

325 3560 474 3638 principio
487 3560 578 3619 facile
590 3560 768 3639 colligimus.
795 3564 882 3621 Pater
901 3567 964 3637 ejus
981 3565 1100 3619 Flaccias
1113 3565 1247 3635 papillam
1261 3578 1308 3621 re·

326 3647 404 3718 dqait
422 3648 541 3703 moriens
562 3663 698 3703 aaronem
715 3648 779 3720 fere
800 3663 869 3722 sea3
887 3648 984 3707 Falcia
1001 3646 1128 3704 Sisennia
1149 3653 1236 3704 mater
1256 3664 1308 3703 aa·

323 3731 381 3801 psit
396 3736 493 3801 postea
506 3730 592 3786 Fusio
614 3734 696 3804 equiti
720 3731 844 3789 Romano
868 3740 894 3788 et
912 3748 973 3788 eam
994 3746 1099 3805 qaoque
1120 3734 1218 3789 eatuiit
1235 3733 1306 3787 iuter
