3434 4575
361 469 423 516 xlv
525 501 527 507 ·
747 469 954 517 retempto.

360 615 590 689 interpellationibus
601 627 723 688 umquam
735 616 821 689 tragici
833 614 901 671 ebori
916 618 1015 672 canticis
1026 615 1164 686 distinguit.
1178 612 1285 669 Summa
1297 615 1342 685 iga-

361 712 401 757 tor
409 705 546 774 argumenti
563 692 630 774 qnasi
645 703 748 774 prologo
766 702 896 773 praemissa
906 703 943 768 (r.
956 709 1017 760 1-
1028 704 1075 769 11)
1087 700 1192 770 primum
1202 702 1278 768 ipsam
1287 712 1343 753 coe

360 791 405 842 uae
415 787 536 842 raritatem
554 803 610 842 cnm
626 787 819 858 quotidianorum
836 785 972 842 otliciomm
992 784 1109 842 molestiis
1127 783 1297 853 eomparattu.
1312 787 1343 840 10

363 872 470 941 «43),
485 877 538 926 turn
553 881 633 927 autom
645 885 675 925 ex
692 871 756 927 illius
771 870 856 926 aetatis
873 885 954 936 more,
972 869 1092 945 quaesiui
1102 876 1187 939 potum
1199 867 1267 921 cibos
1277 874 1342 921 ante

361 955 446 1012 oedem
456 954 534 1012 voluit
549 955 623 1023 (Plio.
636 955 665 1011 N.
679 954 807 1013 HistlllV.
819 958 883 1022 08),
901 971 915 1010 a
931 955 993 1011 sinis
1006 955 1075 1011 initio
1086 954 1151 1008 laeto
1162 953 1187 1007 in
1197 951 1284 1006 bomm
1297 951 1338 1020 pri·

362 1055 428 1096 mum
439 1040 571 1112 generibus
582 1043 618 1106 (v.
630 1042 767 1108 14-37)
780 1041 971 1112 poculommque
982 1057 1028 1096 usn
1039 1040 1075 1106 (s.
1088 1042 1123 1096 88
1133 1065 1168 1076 -
1177 1039 1239 1104 48),
1251 1050 1308 1090 mox
1321 1036 1343 1088 in

361 1140 421 1197 aqna
431 1139 527 1197 quoqne
538 1126 574 1191 (v.
588 1128 622 1184 to
630 1127 725 1191 -61)
737 1131 762 1180 et
774 1125 894 1195 pincernis
904 1127 939 1191 (v.
948 1126 1070 1193 63-66)
1083 1120 1272 1195 ignominiosum
1287 1120 1344 1174 illud

361 1209 489 1266 discrimen
499 1218 577 1279 notat,
587 1209 652 1282 quod
662 1209 788 1266 dominum
799 1224 889 1266 coenae
900 1226 914 1264 a
924 1225 1029 1281 paupere
1040 1208 1140 1264 conviva
1150 1212 1257 1275 separet:
1270 1205 1344 1259 idem·

361 1309 408 1367 pue
418 1294 533 1365 deinceps
542 1295 566 1350 in
578 1309 639 1365 pane
656 1296 690 1364 (r.
702 1296 736 1353 67
748 1323 783 1334 -·
793 1297 857 1364 10),
872 1295 1018 1365 promulside
1030 1295 1066 1360 (u.
1078 1297 1114 1352 80
1122 1292 1226 1358 -91),
1240 1288 1345 1358 piscibus

362 1382 397 1445 (v.
409 1382 443 1437 00
453 1406 489 1418 -
500 1383 564 1449 106)
576 1379 731 1451 persequitur.
744 1377 822 1434 donec
832 1379 862 1434 ad
874 1388 946 1450 eaput
957 1395 1059 1442 coenae,
1072 1391 1156 1448 aprum
1167 1383 1192 1432 et
1204 1374 1287 1435 altiles
1304 1374 1344 1426 de-

362 1466 423 1518 latus
439 1463 551 1519 clientem
565 1463 618 1519 solo
632 1463 759 1520 stmctoris
775 1471 874 1533 aspectu
892 1464 957 1535 pasci
974 1463 1095 1536 significat
1112 1467 1148 1529 (r.
1161 1460 1257 1519 107-
1270 1459 1345 1524 tw:

361 1549 463 1620 denique
480 1562 511 1603 ne
528 1547 551 1602 in
568 1547 716 1620 propinando
729 1547 825 1620 quidem
836 1548 935 1604 divimnr
946 1557 971 1604 et
982 1562 1111 1619 pauperem
1122 1548 1226 1602 amicum
1237 1545 1345 1600 similiter

361 1631 443 1687 baberi
460 1638 559 1704 questus
576 1633 619 1698 (v.
639 1636 816 1703 106-146)
828 1634 1013 1688 aseoundanrm
1030 1647 1167 1688 mensamm
1185 1631 1305 1698 bellariis,
1322 1627 1345 1680 itt

361 1717 449 1788 quibus
458 1715 543 1772 endem
555 1716 668 1792 iniquitas
677 1724 776 1789 apparet
790 1717 826 1785 (v.
837 1720 886 1776 116
896 1745 932 1758 -
944 1722 1017 1787 166),
1028 1719 1059 1774 ad
1070 1718 1145 1788 ipsius
1158 1717 1251 1772 clientis
1262 1723 1345 1786 stopo·

363 1816 413 1856 rem
427 1800 501 1869 redit,
517 1802 559 1875 qui
569 1802 649 1858 divitis
664 1802 759 1874 patroni
773 1802 890 1858 malitiam
907 1803 1039 1875 cupiditate
1054 1818 1098 1859 sua
1117 1802 1183 1858 abuti
1193 1801 1298 1871 patiatur
1309 1801 1344 1866 (u.

366 1891 413 1944 rso
423 1914 459 1926 -
470 1888 543 1957 rte).

446 1968 544 2028 &mast
553 1988 650 2045 quoque
658 1973 765 2040 satiram,
776 1987 837 2044 quae
848 1974 976 2028 mulienun
988 1972 1103 2043 pravitate
1118 1970 1255 2027 insectanda
1268 1979 1344 2026 totum

362 2058 490 2112 monem
505 2056 594 2113 librum
605 2057 702 2127 implet,
719 2071 770 2112 uon
785 2056 884 2112 iortuita
895 2057 996 2127 triginta
1011 2057 1113 2127 amplius
1122 2058 1236 2112 vitiorum
1248 2071 1344 2111 ennme

363 2142 465 2205 ratione.
484 2141 527 2196 sed
543 2142 660 2197 concinna
676 2147 702 2196 et
712 2140 840 2196 artificiose
857 2141 961 2211 partium
972 2141 1129 2211 dispositione
1147 2140 1265 2197 contineri
1275 2141 1345 2196 docte

364 2224 552 2297 Nigelsbacbius
568 2226 585 2282 l.
603 2241 624 2284 o.
645 2240 668 2297 pz
680 2227 732 2282 dm
748 2240 799 2297 sqq.
816 2225 911 2281 monuit
925 2226 1161 2299 insignissimamque
1177 2227 1261 2281 barum
1281 2227 1345 2280 velot

363 2310 545 2366 commissuram
564 2327 587 2367 v.
599 2314 652 2370 286
667 2311 700 2365 ita
716 2309 863 2383 designarit,
883 2319 910 2367 ut
928 2312 957 2367 ad
975 2313 1042 2367 illum
1060 2327 1136 2383 usque
1154 2312 1235 2367 locum
1247 2311 1346 2366 feminas

363 2410 484 2467 tamquam
496 2395 600 2460 maritas,
610 2395 730 2466 posterius
740 2396 837 2451 maritos
848 2405 970 2467 nmquam
982 2397 1083 2453 feminas
1094 2396 1230 2452 adumbrari
1241 2396 1345 2457 diceret;

362 2495 467 2552 quocum
478 2480 509 2535 de
524 2495 618 2536 simma
634 2482 668 2535 rei
685 2481 839 2537 comentiens
856 2482 953 2553 singula
970 2488 1063 2537 tantum
1076 2481 1245 2553 quadripertita
1258 2479 1346 2535 descri-

364 2565 446 2635 ptione
463 2565 615 2621 commodius
634 2565 738 2636 perspici
756 2564 866 2621 arbitror.
896 2566 970 2621 Poeta
985 2568 1049 2622 enim
1067 2565 1187 2622 Ursidium
1204 2564 1345 2622 Postumum

363 2649 541 2704 matrimonium
552 2649 667 2706 initumm
677 2650 789 2721 pudieam
801 2666 899 2706 uxorem
915 2666 1012 2722 sperare
1024 2651 1113 2706 mirans
1124 2652 1160 2716 (r.
1173 2658 1233 2710 1-
1242 2652 1290 2717 60)
1302 2653 1347 2707 bac

363 2735 413 2804 ipsa
432 2748 459 2788 re
469 2734 573 2804 primum
585 2735 615 2791 ad
631 2734 805 2806 impudicitiam
821 2734 893 2792 buius
908 2751 981 2791 senus
992 2736 1099 2792 defertur
1109 2750 1210 2807 eamque
1220 2741 1347 2806 spectacu-

364 2821 441 2873 lorum
462 2820 567 2874 maxime
582 2820 707 2876 lenociniis
721 2821 750 2876 ali
766 2828 866 2892 quesbus
877 2821 913 2886 (r.
925 2826 961 2881 60
971 2852 1007 2861 -
1016 2822 1064 2889 81)
1075 2834 1224 2876 summarum
1235 2832 1346 2891 quarum-

364 2920 410 2975 que
421 2904 537 2959 domuum
549 2913 670 2960 matronas
685 2904 864 2977 indignissimas
881 2905 991 2961 libidines
1006 2905 1092 2960 sectari
1110 2903 1200 2975 lippiae
1209 2903 1347 2959 Veientonis

364 2990 399 3051 (v.
418 2991 496 3045 81-
512 2992 572 3057 rte)
598 2990 720 3061 ipsiusque
737 2990 878 3045 Messalinae
896 2990 989 3047 Claudii
1009 2990 1117 3045 Caesaris
1135 2988 1218 3045 uxoris
1235 2990 1347 3059 exemplo

364 3073 436 3126 docet
446 3074 482 3136 (v.
499 3078 548 3129 114
556 3102 592 3112 -
605 3078 684 3143 tent:
702 3082 823 3129 notamen
834 3075 858 3130 in
874 3074 912 3130 bis
925 3075 1091 3146 acquiescant,
1103 3072 1193 3129 sedvel
1205 3072 1266 3127 ultra
1278 3081 1347 3128 natu·

364 3172 404 3211 rae
415 3156 542 3227 imperium
554 3158 700 3230 qrribuslibet
711 3159 883 3230 cupiditatibus
893 3167 965 3231 atque
975 3158 1071 3230 ineptiis
1082 3156 1236 3230 indulgeant.
1250 3160 1347 3213 marito·

365 3257 417 3294 rnrn
435 3243 505 3312 eulpa
521 3243 572 3298 beri
582 3243 675 3314 arguit,
694 3244 735 3314 uni
745 3245 805 3300 solis
815 3253 857 3300 aut
867 3245 932 3300 dotis
943 3252 984 3298 aut
996 3244 1087 3299 lormne
1097 3242 1216 3298 illecebris
1232 3242 1298 3296 ducti
1311 3248 1347 3306 tv.

368 3330 416 3382 168
427 3354 461 3365 -
473 3330 536 3395 118)
547 3327 704 3383 muliebribus
715 3329 806 3384 artibus
817 3330 920 3399 impares
930 3330 993 3391 sim,
1009 3327 1144 3399 bonamque
1153 3326 1243 3383 levitati
1254 3328 1348 3383 illarum

365 3411 486 3466 avaritiam
504 3408 542 3486 (s.
555 3416 653 3471 149-
664 3416 743 3482 160),
762 3414 850 3469 fastum
869 3415 907 3479 (s.
925 3417 974 3471 161
985 3440 1021 3452 -·
1032 3415 1110 3481 183),
1128 3411 1225 3467 delicias
1243 3413 1280 3478 (v.
1299 3417 1348 3470 18⁴

368 3499 495 3564 -100),
513 3496 710 3567 imperiositatem
730 3500 766 3561 (v.
786 3500 971 3566 000-008),
994 3496 1085 3567 litigia,
1105 3495 1213 3559 inundes,
1234 3497 1348 3552 adulteria

365 3580 458 3652 aliaque
478 3583 564 3651 probra
580 3584 613 3636 ita
625 3585 738 3652 opponit,
757 3592 781 3636 ut
801 3586 824 3636 in
836 3584 901 3637 omni
913 3596 1003 3654 genere
1018 3581 1120 3635 leminea
1134 3581 1173 3635 rel
1185 3581 1347 3637 anbiditnsret

366 3662 512 3735 impudentia
523 3667 632 3737 superior
642 3676 753 3739 appareat
767 3668 804 3733 (r.
811 3670 864 3723 224
872 3695 908 3705 -
918 3669 983 3734 086)
991 3665 1123 3735 :originem
1135 3673 1216 3719 eutem
1228 3673 1348 3720 tantorum

366 3749 546 3821 flagitionrmsi
559 3754 612 3824 quis
627 3754 746 3825 requirat.
766 3752 901 3807 universnm
912 3758 1048 3821 tempomm
1064 3752 1225 3820 corruptelam
1240 3756 1265 3803 et
1279 3748 1349 3803 luxu·

365 3836 426 3889 riam
444 3846 559 3898 accisas.
578 3840 618 3894 oui
634 3838 747 3894 mistero
760 3835 886 3892 muliebris
902 3833 1084 3903 intemperantia
1102 3848 1150 3889 non
1161 3835 1237 3905 possit
1248 3833 1284 3895 (s.
1298 3836 1348 3888 086
