3434 4575
317 311 383 375 300
640 310 684 373 M.
700 310 792 374 VAL.
807 311 1040 375 MART1ALIS

792 512 885 574 LXV.

400 627 550 688 Formosa
563 628 686 708 Phyllis
700 634 793 688 nocte
809 646 877 686 cunr
893 625 970 685 mibi
984 632 1055 687 tota

400 711 441 771 Se
456 714 665 791 praestitisset
681 713 820 772 omnibus
835 709 934 770 modis
949 709 1091 790 largam,

399 796 441 856 Et
455 797 622 873 cogitarem
637 816 725 857 manc
742 794 824 875 quod
838 793 944 853 darem
958 813 1093 874 munus,

399 879 552 940 Utrumne
568 881 686 960 Cosmi,
707 880 862 941 Nicerotis
875 897 914 936 an
926 875 1062 957 libram,

378 965 449 1025 5An
463 964 656 1025 Baeticarum
671 965 791 1044 pondus
806 981 877 1022 acre
887 959 1047 1040 lanarum,

401 1045 504 1109 Ande
521 1055 645 1109 moneta
658 1049 800 1111 caesaris
817 1046 924 1106 decem
940 1046 1054 1106 flavos:

401 1130 552 1211 Amplexa
568 1132 681 1194 collum
696 1135 844 1208 basioque
858 1136 921 1190 tam
934 1127 1032 1208 longo

401 1214 562 1294 Blandita,
585 1237 675 1295 quam
689 1225 761 1277 sunt
775 1216 901 1294 nuptiae
916 1211 1157 1298 columbarum,

400 1301 523 1378 Rogare
538 1303 641 1380 coepit
656 1300 774 1379 Phyllis
791 1300 968 1378 amphoram
982 1299 1058 1358 vini.

784 1432 892 1494 LXVI.

400 1546 453 1606 Bis
471 1547 694 1626 quinquagenis
709 1544 816 1606 domur
834 1552 883 1606 est
898 1545 955 1604 tibi
969 1543 1098 1606 milibus
1115 1558 1249 1635 empta,

444 1630 592 1694 Vendere
607 1651 696 1710 qnam
712 1650 828 1691 summa
839 1628 892 1689 vel
904 1629 1051 1689 breviore
1068 1635 1175 1713 cupis.

401 1716 479 1775 Arte
494 1716 552 1777 sed
566 1721 738 1795 emptorem
750 1715 836 1775 vaira
849 1713 1038 1793 corrumpis,
1060 1715 1235 1802 Amoene,

443 1799 486 1860 Et
501 1820 570 1860 casa
586 1798 701 1860 divitiis
716 1799 877 1859 ambitiosa
889 1796 977 1857 latet.

380 1883 606 1947 5Gemmantes
619 1886 721 1964 prima
733 1881 857 1961 fulgent
870 1879 1029 1941 testudine
1043 1879 1143 1964 lecti,

445 1969 486 2029 Et
501 1969 688 2030 Maurusiaci
702 1965 841 2048 pondera
854 1985 925 2025 rara
940 1965 1028 2038 citri;

402 2053 574 2130 Argentum
590 2058 682 2128 atque
697 2070 803 2110 aurum
816 2069 879 2109 non
894 2046 1026 2129 simplex
1039 2048 1206 2132 Delphica
1219 2065 1319 2140 portat

444 2136 534 2194 Stant
551 2135 658 2213 pueri,
681 2132 820 2192 dominos
836 2153 913 2212 qnos
927 2151 1041 2212 precer
1056 2152 1131 2196 esre
1146 2157 1252 2205 meos.

402 2216 524 2276 Deinde
540 2215 673 2273 ducenta
687 2233 795 2293 sonas,
815 2221 849 2276 et
865 2219 926 2296 uis,
946 2235 1009 2276 non
1025 2235 1096 2278 ease
1113 2224 1265 2287 minoris.

358 2310 393 2362 10
442 2300 625 2359 instructam
639 2298 693 2359 vili
707 2298 834 2379 vendis,
857 2304 1011 2382 Amoene‚
1035 2301 1177 2372 domum.

773 2434 898 2497 LXVII.
958 2428 971 2453 ’

400 2545 503 2606 Maiae
518 2547 709 2609 Mercurium
723 2551 852 2609 creastis
866 2547 945 2610 idua.

402 2631 547 2710 Augustis
565 2631 649 2692 redit
663 2632 766 2694 ldibns
780 2634 886 2694 Diana.

402 2714 554 2776 Octobres
571 2718 660 2777 Maro
677 2718 869 2777 consecravit
882 2715 962 2777 ldus.

400 2798 471 2858 ldus
487 2818 580 2878 saepe
597 2798 680 2859 colas
695 2807 727 2860 et
740 2802 795 2860 has
811 2805 843 2859 et
857 2799 943 2876 illas,

379 2883 464 2958 oQui
477 2884 579 2960 magni
593 2881 734 2943 celebras
748 2885 888 2944 Maronis
902 2882 982 2945 ldns.

770 3017 904 3080 LXVlll.

401 3124 557 3186 Matutine
573 3125 688 3207 eliens,
710 3131 796 3189 urbia
811 3130 888 3189 mibi
902 3148 991 3190 causa
1004 3128 1158 3214 relictae,

440 3212 545 3289 Atria,
567 3214 593 3272 si
609 3214 726 3292 sapias,
749 3215 909 3274 ambitiosa
924 3212 1015 3273 colas.

397 3291 467 3354 Non
481 3315 549 3356 sum
563 3315 620 3375 ego
636 3296 825 3374 causidicus,
846 3316 906 3358 nec
920 3299 1031 3358 amaris
1046 3296 1159 3364 litibus
1177 3314 1287 3388 aptus,

441 3377 505 3438 Sed
518 3382 654 3459 pigeret
669 3382 773 3441 senior
787 3380 1008 3460 Pieridumque
1023 3401 1137 3447 comes.

379 3460 474 3521 sotio
488 3483 537 3524 me
552 3483 738 3543 somnusque
749 3466 871 3544 iuvant,
894 3484 973 3545 qnae
987 3484 1098 3544 magua
1111 3475 1245 3552 negavit

441 3546 539 3608 Roma
551 3549 643 3608 mibi:
665 3546 781 3628 redeo,
802 3550 829 3608 si
843 3548 988 3629 vigilatur
1003 3554 1036 3609 et
1050 3551 1113 3614 hic.
