3434 4575
591 436 931 514 EPIGRAMMATON
943 448 1017 508 Lis.
1033 447 1084 511 ix.
1296 445 1359 510 225

446 606 598 686 Abstulit,
621 607 657 665 ab
675 602 781 684 Stygia
795 623 864 663 cnm
880 619 955 660 cane
970 601 1055 661 venit
1071 620 1164 680 aqua;

401 691 580 756 Fecundam
593 690 692 750 vetuit
710 687 850 769 reparari
864 686 1014 745 mortibus
1028 683 1174 763 hydram,

361 791 396 843 ιο
444 776 614 855 Hesperias
629 773 732 832 'fusco
746 771 821 833 lavit
835 771 868 830 in
883 787 971 829 amne
985 771 1088 829 boves.

401 863 488 921 Haec
503 861 603 919 minor
617 855 759 916 Alcides:
778 856 875 915 maior
890 871 968 931 quae
983 853 1133 931 gesserit,
1153 850 1223 913 audi

445 945 557 1004 Sextus
572 943 608 1002 ah
623 939 742 1000 Albana
756 957 847 1018 quem
863 934 938 996 colit
953 955 1025 996 aroc
1038 933 1127 1018 lapis.

402 1029 546 1089 Asseruit
558 1043 702 1106 possessa
715 1022 802 1083 malis
815 1019 934 1081 Palatia
948 1021 1069 1099 regnis:

444 1113 548 1173 Prima
563 1128 618 1169 sno
633 1109 729 1187 gessit
743 1126 800 1188 pro
815 1107 886 1166 love
901 1103 985 1164 bella
996 1123 1084 1184 puer.

362 1209 395 1261 15
403 1195 493 1256 Solu
509 1192 607 1254 Iuleas
622 1212 690 1252 cum
704 1193 764 1251 iam
781 1191 935 1251 retineret
949 1188 1101 1265 habenas,

446 1277 592 1339 Tradidit
604 1277 699 1355 inque
714 1294 768 1336 suo
784 1275 895 1335 tertius
911 1273 986 1332 orbe
1001 1273 1069 1332 fuit.

404 1365 528 1424 Cornua
542 1361 702 1420 Sarmatici
717 1367 767 1419 ter
781 1356 902 1438 perfida
916 1355 1057 1416 contudit
1072 1356 1189 1434 Histri,

446 1444 615 1507 Sudantem
630 1443 741 1504 Getica
755 1448 805 1502 ter
822 1443 893 1501 nive
908 1439 983 1501 lavit
999 1459 1120 1519 equum.

404 1531 504 1611 Saepe
518 1533 677 1588 recusatos
690 1545 802 1608 parcus
816 1525 939 1585 duxisse
955 1525 1128 1604 triumphos

360 1627 397 1680 20
445 1615 556 1678 Victor
569 1612 776 1691 Hyperboreo
791 1628 905 1670 nomen
919 1610 956 1668 ab
971 1611 1048 1669 orbe
1063 1606 1143 1668 tulit.

404 1697 535 1778 Templa
553 1694 636 1773 deis,
658 1713 760 1754 mores
773 1691 888 1773 populo
904 1690 1006 1769 dedit,
1025 1693 1088 1752 otia
1102 1692 1205 1770 ferro,

446 1784 539 1842 Astra
554 1780 634 1856 suis,
657 1777 743 1838 caelo
759 1775 879 1852 sidera,
902 1779 987 1834 serta
1000 1775 1071 1836 lovi.

404 1863 594 1926 Herculeum
608 1863 702 1922 tantis
717 1878 830 1921 numen
844 1878 909 1918 non
922 1857 1038 1918 sufficit
1052 1859 1144 1918 actis:

447 1949 583 2028 Tarpeio
599 1945 675 2006 deus
689 1946 741 2005 hic
757 1940 932 2005 commodet
950 1961 1003 2001 ora
1016 1941 1108 2021 patri.

812 2078 873 2139 cii.

404 2194 706 2274 Quadringentorum
721 2192 827 2254 reddis
841 2193 932 2270 mihi,
953 2192 1099 2270 Phoebe,
1119 2192 1263 2254 tabellas:

448 2279 581 2340 Centum
596 2277 635 2339 da
648 2278 751 2359 potins
766 2284 886 2356 mutua,
908 2277 1052 2356 Phoebe,
1074 2278 1159 2339 mihi.

405 2365 529 2441 Quaere
544 2360 653 2439 alium,
676 2364 725 2421 cui
739 2369 772 2422 te
786 2368 848 2423 tam
865 2381 942 2422 vano
957 2380 1085 2423 munere
1102 2363 1214 2422 iactesr

449 2443 540 2522 Quod
553 2446 611 2505 tibi
625 2464 687 2505 non
705 2464 828 2525 possum
843 2446 981 2525 solvere,
1003 2446 1147 2525 Phoebe,
1170 2463 1271 2507 meum
1284 2451 1342 2506 est

806 2580 881 2641 0111.

406 2691 492 2770 Quae
506 2710 584 2751 nova
598 2697 658 2750 tam
674 2690 791 2753 similes
805 2693 912 2771 genuit
926 2691 983 2752 tibi
998 2690 1084 2752 Leda
1098 2691 1281 2752 mluistrosl

451 2775 535 2852 Quae
550 2780 638 2856 capta
652 2782 701 2836 est
712 2775 773 2837 alio
791 2774 874 2835 nuda
886 2774 1027 2835 Lacaena
1041 2774 1161 2854 cycno?

406 2858 465 2920 Dat
478 2860 590 2920 faciem
604 2856 715 2921 Pollux
729 2861 844 2936 Hiero,
865 2858 918 2918 dat
932 2858 1043 2919 Castor
1057 2856 1175 2937 Asillo,

448 2943 550 3023 Atque
566 2945 599 3003 in
612 2950 745 3021 utroque
759 2944 840 3002 nitet
855 2940 1010 3021 Tyndaris
1026 2958 1082 3002 ore
1098 2960 1197 3003 soror.

388 3027 471 3089 blsta
484 3027 698 3109 Therapnaeis
714 3028 739 3086 si
755 3027 854 3086 forma
868 3025 980 3085 fuisset
993 3023 1148 3106 Amyclis,

449 3112 524 3172 Cum
539 3112 642 3172 vicere
658 3109 732 3169 duas
747 3108 827 3168 dona
841 3110 960 3169 minora
974 3108 1065 3185 deas3

405 3195 591 3273 Mansisses,
612 3193 751 3272 Helene,
772 3193 1000 3272 Phrygiamque
1014 3192 1150 3253 redisset
1162 3192 1196 3249 in
1208 3188 1293 3252 Idam

448 3279 619 3341 Dardanius
633 3278 755 3356 gemino
771 3296 840 3337 cnm
857 3275 1037 3355 Ganymede
1051 3275 1148 3336 Paris.

1229 896 1239 933 ι
1284 902 1310 945 e

1290 959 1301 987 Ι
