3434 4575
509 487 849 551 EPIGRAMMATON
862 491 936 553 LIB.
953 491 1003 555 VI.

321 645 439 705 Versus
454 643 593 702 scribere
611 640 663 721 qui
677 648 783 722 potest
798 642 949 720 disertos,

322 727 522 802 conscribat,
544 726 672 785 Laberi:
695 727 794 786 virum
808 729 932 805 putabo.

611 860 614 864 ’
726 876 795 939 Πί

321 990 400 1048 Dum
415 989 631 1049 Phaethontea
643 989 774 1050 formica
786 995 913 1069 uagatur
927 991 960 1048 iu
974 993 1098 1071 umbra,

363 1071 518 1152 implicuit
534 1077 660 1131 tenuem
675 1075 779 1134 sucina
794 1080 880 1152 gutta
893 1074 1000 1134 feram.

321 1155 373 1216 Sic
387 1156 476 1216 modo
493 1175 571 1235 quae
586 1156 690 1216 fuerat
705 1159 766 1217 vita
781 1163 958 1237 contempta
972 1164 1132 1238 manente,

362 1240 538 1300 Funeribus
552 1240 634 1299 facta
652 1247 700 1300 est
714 1260 796 1300 nunc
810 1243 949 1321 pretiosa
961 1242 1033 1304 suis.

719 1404 800 1466 XVI.

322 1514 372 1574 Tu
390 1516 442 1594 qui
458 1534 540 1596 pene
554 1518 636 1576 viros
651 1522 755 1576 terres
770 1521 803 1576 et
814 1515 897 1577 falce
913 1516 1075 1595 cinaedos,

362 1599 470 1677 Iugera
485 1600 614 1680 sepositi
627 1620 723 1680 pauca
736 1605 826 1660 tuere
841 1598 909 1662 soli.

322 1683 375 1741 Sic
391 1690 443 1742 tua
458 1703 519 1742 uon
533 1685 653 1743 intrent
665 1681 763 1743 vetuli
777 1685 915 1763 pomaria
930 1683 1033 1761 fures,

364 1765 428 1828 Sed
440 1785 519 1848 puer
534 1773 567 1827 et
580 1764 682 1846 longis
696 1764 827 1845 pulchra
840 1765 945 1847 puella
959 1769 1062 1826 comis.

713 1914 806 1977 XVII.

324 2027 470 2104 Cinnam,
493 2025 658 2104 Ginname,
680 2033 712 2087 te
728 2027 817 2087 iubes
831 2027 942 2086 vocari.
1045 2029 1048 2034 ’

320 2111 389 2170 Non
404 2115 452 2170 est
466 2111 533 2187 hio,
555 2130 648 2189 rogo,
671 2111 785 2189 Cinna,
809 2111 1038 2171 barbarismus?

321 2194 372 2254 Tu
388 2196 415 2254 si
429 2195 542 2254 Furius
559 2200 631 2254 ante
649 2192 751 2255 dictus
767 2213 868 2273 esses,

320 2279 386 2338 Fur
402 2279 461 2339 ista
476 2279 595 2338 ratione
615 2276 776 2340 dicereris.

702 2441 810 2504 XVIII.

323 2551 436 2611 Sancta
450 2548 590 2612 Salonini
606 2553 701 2612 terris
715 2553 886 2630 requiescIt
898 2554 1026 2614 Hiberis

365 2636 431 2711 Qua
444 2633 556 2695 melior
572 2634 695 2715 Stygias
709 2655 772 2695 non
789 2636 875 2697 videt
889 2638 997 2697 umbra
1012 2636 1128 2698 domos.

322 2718 386 2779 Sed
399 2718 508 2798 lugere
522 2719 625 2779 nefas:
647 2720 783 2797 namqui
798 2726 849 2799 t'e,
872 2720 996 2800 Prisce,
1017 2719 1163 2802 reliquit,

363 2802 447 2866 Vivit
462 2822 521 2881 qua
533 2801 632 2863 voluit
648 2804 752 2863 vivere
768 2810 859 2884 parte
871 2805 974 2883 magis.

720 2949 801 3010 XIX.

322 3064 391 3123 Non
411 3062 450 3123 de
467 3065 498 3123 vi
512 3082 614 3143 aeque
630 3063 741 3142 caede,
763 3083 821 3126 nec
837 3084 975 3146 veneno,

320 3146 384 3207 Sed
399 3146 440 3207 lis
458 3153 506 3208 est
520 3150 597 3208 mihi
613 3148 652 3209 de
667 3148 923 3228 tribas‘capellis.

319 3232 424 3293 VicIni
443 3250 559 3310 queror
572 3234 628 3293 has
644 3234 752 3292 abesse
767 3232 862 3295 furto.

319 3316 388 3375 Hoc
404 3315 497 3377 iudex
512 3316 572 3376 sibi
584 3315 722 3393 postulat
735 3319 879 3394 probari:

298 3398 374 3461 5Tu
391 3399 511 3459 Cannas
525 3396 835 3476 Mithridaticumque
849 3396 968 3458 bellum

319 3485 361 3544 Et
374 3483 512 3562 periuria
525 3480 636 3539 Punici
650 3480 765 3539 furoris
862 3512 867 3517 ⁴

319 3568 362 3626 ut
377 3563 476 3624 Sullas
491 3563 672 3641 Mariosque
688 3562 872 3641 Muciosque

320 3650 433 3726 Magna
447 3665 524 3708 voce
539 3666 629 3706 sonas
644 3663 796 3722 manuque
811 3650 885 3707 tota.

320 3734 382 3795 Iam
398 3731 464 3810 dic,
487 3730 650 3811 Postume,
665 3731 705 3792 de
720 3731 820 3791 tribus
838 3724 975 3810 capeiiis.
1026 3811 1074 3871 9*

1216 492 1275 555 131
1366 506 1369 511 ’
