3434 4575
391 416 455 479 230
713 417 758 479 M.
773 416 867 478 VAL.
884 417 1110 478 MARTIALIS

476 569 642 646 Strataque
659 588 720 629 non
737 588 813 628 unas
830 570 954 647 cingant
972 570 1107 631 triclinia
1125 572 1218 632 Baias

517 653 559 712 Et
574 653 686 713 'l'hetis
702 660 858 730 unguento
876 652 992 733 palleat
1010 662 1104 715 uncta
1119 661 1191 733 tuo,

454 734 617 796 ollandida
633 737 734 796 Setini
752 743 894 816 rumpant
914 737 1060 816 crystalla
1075 739 1233 818 trientes,
1288 789 1292 794 ,

516 819 657 880 Dormiat
672 822 704 880 in
722 819 826 899 pluma
842 839 901 881 nec
915 821 1044 882 meliore
1058 822 1180 884 Venus:

477 902 526 962 Ad
539 912 692 965 nocturna
706 905 790 963 iaces
806 905 941 965 fastosae
959 905 1064 965 limina
1080 907 1234 966 moechae

516 988 559 1050 Et
574 988 678 1048 madet
696 988 772 1047 heu!
793 987 928 1048 lacrimis
946 991 1035 1048 ianua
1051 989 1145 1048 surda
1163 991 1246 1070 tuis,

474 1069 578 1133 Urere
593 1091 654 1132 nec
670 1073 816 1131 miserum
832 1079 955 1132 cessant
972 1074 1104 1153 suspiria
1119 1078 1244 1152 pectus.

433 1165 467 1218 10
515 1156 572 1219 Vis
591 1155 706 1235 dicam,
727 1154 808 1215 male
826 1157 868 1216 sit
888 1175 942 1215 cur
958 1158 1031 1234 tibi,
1054 1157 1169 1217 Cotta?
1189 1160 1277 1220 bene
1293 1168 1358 1226 est.

874 1289 956 1351 xiv.

477 1403 600 1464 (ledere
618 1402 658 1462 de
674 1407 789 1464 nostris
806 1402 886 1463 nulli
904 1412 937 1462 te
954 1402 1031 1463 dicis
1046 1404 1161 1464 amicis.

517 1486 597 1563 Sed,
624 1488 666 1545 sit
681 1493 716 1546 ut
733 1489 793 1546 hoc
810 1506 932 1563 verum,
957 1486 1047 1565 quid,
1067 1505 1161 1564 rogo,
1184 1488 1324 1570 Crispe,
1347 1493 1436 1553 faciel

473 1570 583 1630 Mutua
600 1589 669 1628 cum
686 1577 828 1649 peterem
841 1572 988 1631 sestertia
1004 1572 1155 1648 quinque,
1177 1577 1326 1654 negasti,

514 1653 584 1713 Non
601 1661 729 1733 caperet
748 1674 887 1714 nummos
904 1674 972 1713 cum
990 1655 1088 1731 gravia
1106 1673 1177 1713 arca
1195 1661 1280 1718 tuos.

452 1736 604 1815 5Quando
621 1738 711 1798 fabae
728 1738 864 1799 modium
877 1738 966 1798 nobis
983 1738 1114 1796 farrisve
1133 1735 1271 1817 dedisti,

516 1822 593 1882 Cum
609 1828 662 1881 tua
678 1821 816 1882 Niliacus
834 1843 907 1881 rura
924 1820 1050 1880 colonus
1067 1821 1159 1881 aret?

473 1905 600 1983 Quando
618 1907 721 1967 brevis
740 1905 863 1985 gelidae
876 1907 968 1965 missa
984 1912 1033 1965 cst
1042 1910 1113 1982 toga
1126 1909 1275 1984 tempore
1287 1909 1437 1969 brumae?

460 2028 462 2033 ·
513 1991 645 2067 Argenti
661 1993 747 2050 venit
766 1989 887 2068 qnando
907 1987 1025 2048 selibra
1040 1988 1139 2047 mihi?

471 2071 524 2134 Nil
540 2073 624 2133 aliud
636 2073 746 2151 video,
769 2093 828 2152 quo
845 2081 878 2134 te
896 2070 1057 2133 credamus
1069 2072 1216 2149 amicum,

430 2165 465 2219 10
514 2158 610 2234 Quam
626 2156 709 2235 quod
727 2175 777 2217 me
795 2177 898 2217 coram
912 2155 1051 2237 pedere,
1069 2155 1197 2235 Crispe,
1220 2169 1322 2219 solea.

870 2298 946 2361 XV.

470 2413 600 2472 Dotatae
617 2413 705 2472 uxori
723 2431 776 2472 cor
795 2411 945 2472 arundine
964 2414 1033 2474 fixit
1049 2418 1151 2489 acuta,

513 2493 577 2555 Sed
594 2494 762 2593 dumludit
779 2497 881 2576 Aper:
901 2495 1014 2557 ludere
1034 2497 1120 2557 novit
1136 2496 1234 2577 Aper.

870 2629 950 2692 XVI.

471 2740 504 2800 Si
520 2739 636 2826 donare
654 2761 744 2802 vocas
760 2744 946 2822 promittere
962 2761 1021 2802 nec
1040 2741 1131 2820 dare,
1154 2743 1230 2823 Gai,

512 2824 640 2886 Vincam
660 2830 693 2884 te
711 2826 800 2886 donis
816 2827 1058 2905 muneribusque
1076 2828 1163 2887 meis.
1249 2849 1256 2862 ’

468 2909 584 2986 Accipe
602 2907 749 2968 Callaicis
766 2908 917 2988 quidquid
928 2909 1009 2969 fodit
1026 2910 1122 2970 Astur
1135 2911 1169 2970 in
1186 2913 1288 2993 arvis,

511 2992 613 3049 Aurea
632 2990 782 3070 quidquid
800 2993 895 3053 habet
913 2993 1017 3053 divitis
1036 2992 1118 3054 unda
1136 2994 1233 3072 Tagi3

446 3072 627 3151 5Quidquid
643 3075 819 3155 Erythraea
836 3077 928 3156 niger
943 3078 1062 3138 invenit
1076 3076 1168 3138 ludus
1184 3078 1219 3138 in
1238 3078 1314 3159 alga

511 3156 668 3238 Quidquid
686 3160 769 3220 etin
786 3159 868 3221 nidis
885 3161 976 3220 unica
992 3166 1096 3221 servat
1111 3163 1192 3235 avis3

468 3240 625 3320 Quidquid
640 3244 806 3323 Agenoreo
825 3243 929 3323 Tyros
949 3245 1089 3325 improba
1107 3246 1191 3323 cogit
1208 3246 1331 3308 aheno:

509 3324 666 3407 Quidquid
685 3329 803 3388 habent
819 3346 944 3406 omnes,
965 3330 1088 3419 accipe,
1111 3328 1267 3408 quomodo
1287 3331 1358 3394 das.

861 3460 956 3522 xvii.

468 3571 673 3644 Saturnalicio
691 3573 831 3633 Macrum
848 3572 995 3635 fraudare
1013 3578 1150 3654 tributo,

507 3655 654 3735 Frustra,
675 3657 782 3736 Musa,
804 3658 905 3737 cupis:
927 3657 1097 3739 nonlicet,
1117 3660 1187 3740 ipse
1203 3664 1306 3743 petita

305 3903 415 4043 ἱ,
