3434 4575
424 432 469 496 26
752 432 795 493 Μ.
811 432 903 495 VAL.
922 431 1151 495 MARTIALIS

514 581 659 645 Gaudent
673 583 795 643 iocosae
811 583 907 644 Canio
923 602 977 644 suo
994 583 1117 664 Gades,

470 678 506 731 10
555 667 694 727 Emerita
707 667 845 727 Deciano
859 685 948 734 meo:

514 751 579 829 Te,
601 750 777 830 Liclniane,
797 750 980 830 gloriabitur
995 758 1117 828 nostra,

554 835 620 896 Nec
634 853 683 894 me
696 836 813 895 tacebit
829 832 962 894 BilbiIIs.

908 967 999 1026 LXII.

513 1083 607 1144 Gesta
623 1101 681 1143 nec
695 1081 829 1160 antiquis
845 1077 960 1140 cedens
973 1079 1108 1140 LaevIna
1122 1080 1244 1142 Sabinis

554 1167 596 1226 Et
611 1167 745 1245 quamvis
759 1165 873 1224 tetrico
887 1164 1008 1223 tristior
1022 1165 1090 1243 ipsa
1103 1165 1169 1224 viro

513 1251 593 1310 Dum
607 1249 697 1309 modo
712 1248 865 1325 luorico,
888 1246 979 1306 modo
995 1265 1030 1307 se
1044 1249 1201 1327 permittit
1215 1251 1358 1331 Averno,

554 1336 597 1394 Et
611 1333 682 1393 dum
696 1334 819 1391 Baianis
834 1349 929 1411 saepe
944 1331 1067 1390 fovetur
1082 1334 1186 1410 aquis,

491 1415 629 1479 sincidit
642 1418 675 1474 io
689 1418 824 1476 dammas
841 1416 1046 1491 iuvenemque
1061 1423 1167 1475 secuta
1185 1414 1298 1479 relicto

556 1500 694 1577 Coniuge
709 1497 869 1578 Penelope
886 1498 987 1573 venit,
1010 1497 1074 1557 abit
1088 1498 1224 1563 Helene.

896 1630 1001 1691 LXIII.

512 1745 555 1806 Ut
570 1745 701 1805 recitem
714 1745 773 1804 tibi
786 1751 893 1804 nostra
906 1761 997 1821 rogas
1013 1744 1240 1822 epigrammata.
1274 1745 1366 1808 Nolo.

554 1827 623 1888 Non
637 1828 762 1906 audire,
785 1827 898 1906 Celer,
922 1825 979 1886 sed
993 1827 1129 1886 recitare
1144 1830 1239 1908 cupis.

899 1959 1007 2023 LXIV.

512 2074 600 2136 Bella
613 2094 663 2153 es,
686 2076 840 2152 novaus,
863 2079 895 2132 et
913 2069 1035 2152 puella,
1055 2090 1162 2133 verum
1176 2081 1244 2153 est,

511 2159 554 2218 nt
567 2157 667 2234 dices,
687 2159 754 2236 quis
770 2159 853 2217 enim
867 2161 974 2237 potest
987 2157 1126 2232 negare?

513 2240 577 2302 Sed
593 2261 660 2302 cnm
676 2247 710 2302 te
723 2242 866 2317 mmmm,
886 2237 1031 2316 Fabulla,
1053 2235 1179 2318 laudas,

511 2324 578 2386 Nec
595 2324 680 2385 dives
696 2343 798 2404 neque
812 2324 896 2385 bella
912 2340 971 2382 nec
985 2320 1091 2402 puella
1106 2343 1149 2384 es.

907 2458 1003 2522 LXV.

467 2572 546 2631 Cum
562 2570 624 2631 dixi
639 2571 731 2648 ficus,
753 2570 840 2631 rides
858 2572 943 2645 quasi
958 2573 1088 2632 barbara
1102 2575 1196 2632 verba

510 2655 552 2714 Et
567 2652 629 2715 dici
644 2655 736 2734 licos,
760 2654 954 2734 caeciliane,
975 2656 1072 2717 iubes.

467 2738 613 2799 Dicemus
629 2739 721 2817 licus,
746 2760 820 2818 quas
835 2741 948 2800 seimus
962 2741 995 2799 in
1010 2742 1122 2802 arbore
1135 2739 1236 2815 nascI,

510 2822 653 2882 Dicemus
666 2823 759 2901 ficos,
781 2823 974 2900 caeciliane,
995 2831 1074 2885 tuos.

891 2969 1000 3031 LXVI.

509 3082 605 3141 Erras
619 3099 758 3141 meorum
772 3082 822 3142 ior
837 3101 928 3142 avare
941 3082 1112 3161 librorum,

509 3165 595 3224 Fieri
610 3170 734 3244 poetam
748 3183 841 3246 posse
856 3166 910 3243 qui
924 3172 1014 3245 putas
1028 3173 1136 3245 tanto,

511 3248 673 3328 Scriptura
690 3250 796 3328 quenti
812 3254 933 3309 constat
950 3256 983 3308 et
998 3255 1098 3309 tomus
1114 3250 1195 3314 ullis.

509 3331 579 3392 Non
593 3350 648 3392 sex
662 3339 788 3414 paratur
803 3338 855 3392 aut
871 3331 981 3393 decem
995 3334 1110 3411 sophos
1125 3336 1273 3395 nummis:

486 3415 642 3477 ssecretr
656 3435 772 3496 quaere
787 3417 923 3478 earmina
937 3423 970 3477 et
984 3416 1079 3477 rudes
1096 3437 1184 3478 curas

511 3501 593 3577 Quas
607 3502 693 3561 novit
707 3521 784 3561 unns
799 3502 980 3580 scrinioque
995 3503 1131 3579 signatas

510 3584 656 3645 Custodit
671 3587 739 3667 lpse
756 3586 885 3664 virginis
899 3592 991 3665 pater
1006 3585 1151 3662 chartae,

509 3667 595 3743 Quae
610 3670 684 3729 trita
699 3668 777 3729 duro
792 3688 854 3729 non
872 3670 1029 3730 inhorruit
1043 3674 1160 3732 mento.

357 3941 530 4051 A
