3434 4575
674 495 801 544 SA'HRA
823 494 870 543 vl.

303 639 474 701 convomit:
493 637 569 699 baec
592 639 668 698 inter
692 645 793 697 nautas
818 644 849 697 et
873 637 997 714 prandet
1022 646 1052 697 et
1068 644 1147 698 errat

302 725 354 786 l'er
376 741 507 802 puppem
532 731 562 782 et
584 722 673 783 duros
694 722 803 801 gaudet
826 730 954 782 tractare
978 722 1126 782 rudentes.

301 810 361 892 Qua
388 819 487 869 tamen
510 809 620 867 exarsit
644 808 753 882 icnna,
779 825 835 887 qua
861 816 946 885 capta
969 807 1084 865 iuventa

302 891 416 973 lippia?
440 892 509 971 quid
532 891 619 967 vidit,
644 900 767 971 propter
793 891 871 969 quod
898 891 974 950 ludia
997 890 1053 950 dici

301 973 459 1038 Sustinuit?
483 994 548 1036 narn
572 976 726 1054 Sergiolus
751 977 806 1035 iarn
825 975 932 1036 radere
955 984 1054 1053 guttur
1251 987 1298 1039 ton

302 1060 450 1141 Coeperat
473 1071 503 1121 et
525 1070 609 1120 secto
634 1062 766 1140 requiem
788 1077 912 1138 sperare
938 1060 1066 1126 lacerto,

302 1144 459 1208 Praeterea
482 1145 570 1205 multa
594 1148 622 1205 in
644 1146 721 1207 iacie
746 1144 904 1220 deformia,
932 1145 1007 1203 sicut

303 1232 422 1292 Attritus
445 1230 533 1307 galea
555 1229 721 1308 mediisque
744 1230 772 1288 in
795 1228 912 1289 naribus
936 1230 1039 1304 ingens

303 1315 412 1376 Gibbus
436 1323 466 1373 et
488 1332 558 1375 acre
581 1315 688 1375 malum
710 1331 830 1392 semper
852 1313 988 1373 stillantis
1013 1312 1112 1372 ocelli.

303 1401 358 1460 Sed
385 1398 533 1479 gladiator
553 1409 632 1459 erat:
656 1399 726 1459 iacit
749 1399 806 1458 hoc
828 1397 897 1458 illos
919 1396 1113 1473 Hyacinthon
1252 1411 1301 1464 110

303 1483 363 1544 lloc
387 1483 488 1563 pueris
512 1485 700 1563 patriaeque,
724 1482 781 1543 hoc
803 1481 943 1562 praetulit
964 1480 1012 1542 illa
1038 1485 1134 1542 sorori

305 1570 400 1650 Atque
420 1569 494 1627 viro.
528 1565 650 1629 Ferrurm
670 1577 731 1643 est,
754 1568 831 1646 quod
852 1577 961 1628 amant:
985 1565 1032 1625 bic
1052 1567 1175 1645 Sergius
1192 1568 1268 1628 idern

305 1655 435 1732 decepta
459 1652 531 1713 rude
554 1654 705 1731 coepisset
727 1652 852 1711 Veiento
876 1651 978 1711 videri.

344 1736 421 1810 Quid
448 1738 559 1815 privata
582 1738 705 1812 domus,
728 1737 797 1816 quid
822 1737 928 1796 iecerit
951 1734 1062 1814 lippia,
1087 1734 1195 1795 curae?

304 1821 431 1901 Respice
454 1822 563 1882 rivales
586 1821 733 1887 divorum:
758 1819 897 1882 Claudius
920 1820 986 1880 audi
1252 1834 1301 1886 115
1398 1851 1401 1860 ¹

304 1905 384 1980 Quae
408 1906 517 1967 tulerit.
554 1905 690 1966 Dormire
714 1908 805 1967 virum
829 1924 915 1985 quum
941 1912 1075 1964 senserat
1100 1922 1184 1979 uxer,

305 1994 426 2052 Sumere
445 2000 605 2051 nocturnos
629 1991 769 2051 meretrix
791 1990 923 2067 Augusta
947 1989 1081 2050 cucullos

305 2078 380 2137 dnsa
404 2075 535 2136 Palatino
560 2085 589 2136 et
612 2085 743 2154 tegetem
767 2075 921 2154 praeferre
944 2074 1031 2134 cubili

305 2160 465 2241 linquebat
488 2162 593 2222 comite
616 2159 721 2221 ancilla
744 2177 801 2219 non
824 2159 945 2238 amplius
971 2177 1042 2234 una,

304 2244 337 2307 lit
360 2246 474 2325 nigrum
498 2244 575 2307 llavo
599 2247 707 2307 crinem
731 2244 932 2306 abscondente
956 2245 1059 2323 galero
1250 2255 1302 2309 120

305 2330 421 2392 intrauit
446 2329 571 2391 calidum
593 2332 688 2392 veteri
712 2341 837 2390 centone
862 2331 983 2409 lupanar

304 2415 337 2476 lit
359 2414 467 2476 cellam
492 2434 612 2476 uacuam
635 2425 723 2494 atque
745 2433 842 2482 suam;
868 2425 937 2475 tuno
958 2416 1033 2475 nuda
1056 2415 1174 2494 papillis
1265 2436 1267 2439 ·

304 2500 431 2561 Prostitit
453 2501 579 2576 auratis,
602 2500 714 2560 titulum
736 2502 853 2559 mentita
876 2498 1030 2577 Lyciscae,

304 2584 497 2664 Ostenditque
520 2594 613 2659 tuum,
637 2602 786 2662 generose
810 2582 992 2662 Britannice,
1015 2594 1163 2651 ventrem:

306 2668 445 2749 {Excepit
467 2668 574 2730 blanda
596 2671 736 2730 intrantes
759 2679 847 2748 atque
871 2687 940 2729 aera
963 2671 1111 2748 poposcit,
1252 2681 1301 2734 115

304 2753 337 2814 tn
353 2755 493 2833 resupina
516 2756 617 2815 iacens
641 2754 795 2814 multorum
818 2753 970 2814 absorbuit
994 2754 1092 2834 ictus]

305 2838 387 2913 llox,
414 2838 523 2899 lenone
543 2856 611 2899 suas
635 2840 689 2898 iam
712 2839 874 2900 dimittente
899 2839 1027 2917 puellas,
1154 2871 1169 2898 s

305 2922 406 2983 Tristis
430 2923 490 2984 abit
513 2934 557 2999 et,
582 2924 659 3002 quod
684 2924 791 3002 potuit,
816 2931 912 2984 tamen
927 2924 1024 2983 ultima
1045 2924 1148 2984 cellam

306 3007 431 3083 clausit,
457 3006 551 3069 adbuc
576 3008 681 3068 ardens
705 3009 818 3086 rigidae
842 3010 983 3087 tentigine
1006 3008 1123 3085 vulvae,

306 3090 353 3170 {Et
378 3091 487 3153 lassata
509 3093 578 3152 uiris
602 3093 745 3153 necdum
769 3094 872 3153 satiata
894 3094 1045 3171 recessit]
1254 3105 1302 3157 130

306 3174 505 3255 obscurisque
525 3178 611 3256 genis
631 3179 722 3256 turpis
745 3178 883 3255 fumoque
906 3177 1046 3238 lucernae

305 3258 403 3320 Foeda
427 3260 574 3339 lupanaris
597 3262 718 3322 tulited
742 3261 875 3341 pulvinar
898 3263 1029 3324 odorem.

308 3344 503 3424 llippcmanes
529 3363 706 3425 carmenque
730 3346 834 3425 loquar
858 3357 1034 3427 coetumque
1056 3366 1199 3408 venenum

309 3428 501 3509 Privignoque
526 3426 642 3490 datum?
669 3431 776 3491 iaciunt
797 3433 933 3509 graviora
957 3441 1080 3492 coactae

308 3512 431 3591 irnperio
456 3532 545 3574 sexus
567 3516 769 3593 minimumque
794 3516 915 3578 libidine
939 3525 1075 3594 peccant.
1253 3527 1302 3580 135

348 3596 461 3676 Optima
483 3598 537 3659 sed
560 3618 651 3680 quare
676 3597 841 3660 Censennia
865 3610 941 3662 teste
967 3599 1093 3659 marito?
1163 3616 1165 3621 ·

310 3680 354 3741 liis
376 3700 523 3762 quungena
557 3683 651 3751 dedit:
677 3686 746 3745 tanti
764 3694 852 3746 vocat
875 3685 925 3746 ille
946 3684 1090 3763 pudicam,

312 3764 370 3830 dec
390 3766 538 3843 pharetris
558 3767 687 3833 Veneris
709 3788 809 3833 macer
829 3779 876 3832 est
898 3778 948 3831 aut
970 3768 1103 3846 lampade
1126 3770 1237 3838 ieruett
