3434 4575
748 510 876 561 bb'l'm
898 510 930 558 V.

365 651 528 716 llibusl-
545 651 698 733 ommni,
716 654 889 716 vobisbuuc
907 661 1037 732 praestat
1059 651 1210 732 honorem,

365 740 422 800 llos
447 741 519 800 estis
542 739 665 803 iratres!
701 738 831 800 domiuus
854 747 950 798 tamen
973 748 1002 798 et
1025 738 1131 800 domini
1153 760 1205 800 rex

364 827 392 886 Si
416 826 461 885 vis
485 832 514 885 tu
542 825 622 899 lieri,
646 823 741 885 nullus
764 824 814 884 tibi
839 823 977 902 parvulus
1001 823 1066 885 aula
1110 844 1111 847 ¹

364 909 477 970 luserit
503 909 622 970 Aeneas
647 927 703 969 nec
726 909 782 969 lilia
806 908 920 969 dulcior
942 908 1011 968 illo:

363 993 518 1055 Iucundum
545 1002 574 1054 et
597 1011 693 1053 carum
716 993 826 1054 sterilis
848 994 918 1054 iacit
940 1010 1015 1053 uxor
1036 994 1166 1053 amicum.

364 1079 420 1140 Sed
445 1088 493 1139 tua
518 1097 593 1138 nunc
612 1076 729 1157 lllygale
752 1079 845 1157 pariat
868 1077 938 1137 licet
962 1086 991 1137 et
1014 1095 1123 1156 pueros
1146 1089 1205 1139 tres

364 1163 391 1223 ln
417 1165 560 1242 gremium
583 1165 674 1241 patris
698 1163 797 1224 fundat
820 1162 921 1222 simul:
948 1164 1013 1242 ipse
1036 1162 1154 1242 loquaci

364 1247 506 1309 Gaudebit
529 1248 614 1323 nido,
638 1247 758 1307 viridem
781 1247 902 1308 tboraca
926 1246 1037 1307 iubebit

365 1333 470 1392 db'orri
493 1334 682 1410 minimasque
706 1351 796 1392 nuces
819 1350 977 1411 assemque
1000 1341 1144 1410 rogatum,

365 1418 405 1477 ld
429 1435 558 1477 mensam
580 1419 696 1497 quoties
720 1417 864 1496 parasitus
888 1417 1003 1477 venerit
1024 1417 1175 1477 iulans.-

364 1502 477 1563 Vilrbus
501 1504 643 1582 aucipites
666 1503 746 1580 iungi
769 1511 914 1581 ponentur
937 1502 1047 1577 amicis,

364 1587 484 1647 Baletus
505 1586 638 1655 domino;
663 1584 716 1646 sed
739 1586 842 1664 quales
866 1583 1004 1645 Claudius
1029 1586 1088 1646 edit

364 1672 438 1731 dnte
461 1671 541 1732 illum
564 1672 681 1747 uxoris,
710 1681 777 1750 post
802 1689 888 1749 quem
909 1670 948 1730 nil
973 1671 1095 1750 amplius
1117 1672 1186 1731 edit.

362 1756 448 1816 Virro
471 1755 527 1817 sibi
550 1765 578 1816 et
601 1755 723 1835 reliquis
744 1755 917 1815 Virronibus
940 1755 990 1815 illa
1012 1755 1124 1815 iubebit

364 1841 448 1901 Poma
474 1841 552 1917 dari,
575 1858 698 1922 quorum
720 1841 786 1901 solo
808 1842 939 1920 pascaris
963 1839 1072 1906 odore:

364 1925 466 2000 Qualia
490 1936 651 2005 perpetuus
676 1924 839 1985 Phaeacum
863 1933 1014 1985 autumnus
1038 1924 1175 2001 babebat,

364 2008 494 2070 Credere
518 2028 594 2089 quae
615 2010 712 2090 possis
730 2010 871 2088 subrepta
892 2010 1044 2069 sororibus
1068 2009 1162 2070 llinis:

363 2094 403 2156 Tu
427 2094 530 2156 scabie
552 2095 658 2155 frueris
681 2094 764 2168 mali,
787 2094 866 2174 quod
884 2095 913 2154 in
936 2112 1047 2173 aggere
1072 2093 1158 2164 rodit,

363 2178 418 2254 Qui
440 2180 551 2257 tegitur
569 2197 667 2258 parma
690 2189 719 2239 et
740 2180 827 2257 galea
849 2185 1047 2258 metuensque
1067 2178 1178 2257 dagelli

363 2263 455 2325 Discit
478 2264 515 2326 ab
534 2264 643 2326 birsuta
668 2263 792 2325 iaculum
816 2273 957 2345 torquere
982 2264 1107 2343 capella.

362 2347 497 2410 Forsitan
518 2352 666 2429 impensae
688 2349 841 2410 Virronem
865 2368 991 2429 parcere
1014 2347 1138 2410 credas?

362 2433 424 2494 lloc
447 2435 525 2511 agit,
552 2444 583 2494 ut
605 2433 721 2499 doleas:
748 2452 812 2493 nam
835 2452 911 2513 quae
934 2435 1103 2511 comoedia,
1128 2434 1230 2493 mimos

362 2517 433 2592 Quis
455 2518 561 2578 melior
584 2519 718 2597 plorante
739 2518 830 2596 gula?
854 2535 927 2597 ergo
951 2521 1045 2579 omnia
1069 2518 1149 2595 liunt,

362 2603 391 2663 Si
414 2604 528 2680 nescis,
557 2613 586 2663 ut
610 2621 665 2680 per
687 2603 822 2663 lacrimas
846 2602 997 2663 effundere
1020 2603 1108 2664 bilem

363 2685 486 2766 Gogaris
508 2704 673 2766 pressoque
696 2687 743 2748 diu
767 2688 891 2748 stridere
914 2689 1026 2749 molari.
1309 2696 1357 2750 160

362 2772 402 2832 l'u
428 2772 480 2832 tibi
501 2770 577 2834 liber
599 2772 686 2833 bomo
711 2781 741 2833 et
762 2774 842 2851 regis
865 2774 987 2833 conviva
1010 2773 1136 2834 videris:

363 2855 485 2937 Captum
510 2865 540 2918 te
562 2857 664 2918 nidore
686 2874 758 2917 suae
782 2866 863 2936 putat
885 2857 936 2917 ille
959 2858 1073 2919 culinae

361 2940 423 3003 Nec
445 2941 522 3003 male
546 2943 707 3008 coniectat:
755 2943 821 3022 quis
845 2943 921 3002 enim
941 2951 997 3002 tam
1020 2944 1129 3016 nudus,
1155 2941 1285 3002 utillum

360 3027 407 3088 Bis
429 3027 522 3103 ferat,
549 3026 704 3087 Etruscum
727 3044 820 3105 puero
842 3028 867 3086 si
891 3028 1013 3105 contigit
1035 3045 1134 3088 aurum

361 3111 416 3172 Vel
438 3110 532 3172 nodus
557 3121 663 3172 tentum
688 3121 717 3170 et
739 3111 851 3189 signum
874 3111 912 3172 de
935 3129 1066 3191 paupere
1089 3113 1176 3173 loro?
1307 3118 1356 3172 165

361 3198 437 3276 Spes
460 3195 537 3257 bene
560 3195 701 3257 coenandi
724 3212 777 3254 vos
801 3195 925 3275 decipit:
952 3215 1025 3257 ecce
1048 3197 1126 3258 dabit
1149 3199 1202 3257 iam

362 3283 513 3342 semesum
536 3280 670 3361 leporem
693 3288 781 3358 atque
805 3279 914 3360 aliquid
939 3281 975 3341 de
1000 3281 1133 3342 clunibus
1155 3282 1227 3360 apri,

363 3366 406 3426 ld
431 3383 485 3426 nos
510 3367 565 3427 iarn
591 3366 690 3425 ueniet
712 3365 805 3424 miuor
829 3363 930 3425 altilia:
954 3365 1021 3427 iude
1045 3374 1146 3446 parato

362 3449 532 3529 lutactoque
554 3468 655 3511 omnes
677 3458 706 3508 et
726 3450 828 3509 stricto
851 3467 927 3527 pane
946 3452 1060 3511 tacetis.

363 3534 414 3595 llle
436 3536 530 3615 sapit,
556 3536 605 3615 qui
628 3544 658 3595 te
681 3534 726 3593 sic
750 3535 858 3597 utitur:
899 3536 995 3595 cornia
1016 3536 1095 3596 ferre
1305 3538 1354 3593 rto

365 3622 393 3678 Si
407 3627 506 3698 potes,
532 3630 561 3681 et
587 3619 699 3680 debes:
722 3617 893 3699 pulsandum
918 3619 1030 3679 uertice
1053 3637 1119 3680 raso

365 3703 520 3765 Praebebis
542 3705 718 3785 quandoque
740 3711 828 3782 caput
846 3721 904 3763 nec
926 3702 996 3763 dura
1019 3704 1133 3764 timebis

365 3786 466 3866 Flagra
490 3790 568 3869 pati,
592 3788 637 3849 bis
660 3786 755 3866 epulis
778 3797 809 3849 et
831 3787 883 3849 tali
907 3786 1010 3866 dignus
1033 3789 1142 3848 amico!
