3434 4575
696 479 822 531 sumna
844 443 893 530 ιιι.

307 623 606 704 immantatum,
629 621 691 682 duri
715 624 867 704 crassique
891 620 1012 699 eoloris,

307 709 339 771 llt
359 709 437 772 male
460 725 619 789 percussas
645 708 769 768 textoris
792 709 912 788 pentina
939 705 1014 768 Galli

284 795 489 876 decipimus,
511 802 601 855 tenue
626 801 776 869 argentum
799 809 953 872 venaeque
975 793 1133 853 secundae.

305 877 371 941 lata
394 886 501 956 rqunt
523 877 669 943 bominem
694 877 782 937 latum
805 885 851 937 est
873 884 902 936 et
924 875 1053 956 partibus
1076 875 1144 952 illis,

305 961 381 1038 Quas
403 963 485 1023 sinus
506 960 669 1023 abscondit.
706 959 795 1036 llam,
818 962 842 1021 si
865 959 917 1020 tibi
940 961 1035 1021 sidem
1058 969 1186 1038 cessant,

304 1045 347 1108 nn
369 1046 462 1108 laniet
487 1044 568 1125 longi
590 1061 725 1106 mensura
752 1045 899 1123 incognita
922 1046 1015 1119 nervi,

305 1129 442 1205 Quamvis
466 1138 495 1191 te
519 1129 624 1190 nudum
648 1129 790 1208 spumanti
810 1129 898 1190 Virro
921 1129 1031 1191 labello

305 1215 414 1277 Viderit
441 1223 471 1275 et
494 1213 619 1275 blandae
641 1213 759 1273 assidue
783 1212 953 1294 densaeque
975 1212 1103 1274 tabellae

304 1298 484 1368 Solliuitent;
507 1289 596 1371 αὐτὸς
619 1288 678 1377 γὰρ
699 1294 851 1374 ἐφέλκεται
875 1292 971 1378 ἄνδρα
993 1297 1134 1370 κίναιδος.

304 1382 386 1458 Quod
407 1393 505 1446 tamen
526 1381 647 1443 ulterius
670 1390 843 1458 monstrum,
868 1401 952 1462 quam
975 1382 1071 1443 mollis
1093 1379 1218 1443 avarus?

304 1465 382 1529 dass
403 1467 504 1544 tribui,
528 1465 635 1528 deinde
657 1466 707 1528 illa
730 1464 814 1544 dedi,
840 1485 908 1527 mex
930 1466 1013 1547 plura
1035 1466 1197 1526 tulisti2-

305 1547 458 1631 Computat
479 1569 515 1613 ae
538 1559 635 1613 eevet.
668 1549 796 1611 Ponatur
818 1550 966 1624 calculus,
989 1551 1083 1611 adsint
1260 1563 1294 1615 ld

305 1633 373 1697 cnm
397 1635 496 1697 tabula
518 1635 617 1715 pueri:
640 1652 758 1695 numera
781 1637 917 1696 sestertia
939 1637 1067 1716 quinque

305 1719 443 1781 Omnibus
466 1720 494 1779 in
515 1719 623 1797 rebus,
650 1728 836 1779 numerentur
857 1720 964 1780 deinde
990 1719 1119 1780 labores.

305 1804 347 1865 dn
368 1804 458 1866 laeile
482 1813 512 1864 et
532 1819 655 1883 pronum
677 1812 724 1864 est
745 1820 837 1882 agere
861 1805 933 1864 intra
956 1803 1072 1863 viscera
1095 1821 1198 1883 penem

305 1886 473 1968 legitimum
496 1896 583 1970 atque
609 1887 671 1951 illie
692 1887 850 1948 besternae
873 1904 1032 1947 occurrere
1055 1885 1189 1948 soenael

304 1973 413 2034 Servus
437 1973 493 2033 enit
513 1973 605 2034 minus
629 1971 679 2032 ille
704 1973 810 2048 miser,
837 1972 886 2052 qui
911 1970 1019 2031 foderit
1038 1988 1150 2050 agrum,
1257 1981 1293 2036 lt

305 2055 395 2131 Quam
418 2057 573 2119 dominnm.
610 2056 670 2118 Sed
692 2065 720 2117 tn
745 2074 816 2117 sane
838 2065 971 2117 tenerum
994 2064 1024 2115 st
1046 2072 1167 2134 puerum
1189 2062 1218 2115 te

304 2140 339 2203 dt
362 2140 515 2221 pulehmm
537 2149 567 2201 et
588 2142 704 2220 dignum
727 2141 833 2217 cyatho
857 2139 1005 2219 coeloque
1029 2139 1165 2219 putabas:

287 2225 363 2302 ‚Vos
387 2225 486 2287 humili
508 2225 679 2302 asseculae,
702 2241 755 2285 vos
778 2224 965 2304 indulgebitis
990 2242 1120 2304 umquam

304 2308 431 2388 cultori,
456 2312 511 2371 iam
536 2330 592 2371 nee
613 2310 715 2371 morbo
741 2310 850 2372 donare
874 2306 988 2390 parati?

304 2393 345 2457 lin
368 2396 415 2457 eui
436 2403 467 2455 tu
488 2395 609 2456 viridem
628 2393 800 2469 umbellam,
825 2396 871 2458 eui
894 2395 1011 2456 sueeina
1032 2393 1127 2454 mittas
1257 2405 1292 2458 ss

304 2478 443 2556 Grandia,
469 2478 573 2541 natalis
594 2480 711 2561 quoties
734 2480 809 2540 redit
831 2488 879 2541 aut
900 2478 1042 2542 madidum
1065 2494 1118 2538 ven

303 2561 405 2644 lneipit
427 2572 457 2624 el
481 2572 570 2625 strata
593 2565 706 2643 positus
728 2563 876 2645 longaque
901 2562 1037 2625 salbedra

304 2646 422 2710 llunena
443 2646 577 2709 femineis
599 2657 704 2709 tractat
728 2659 843 2710 secreta
868 2646 1016 2709 kalendis!

305 2732 371 2810 bie,
397 2750 516 2812 passer,
543 2733 588 2793 eui
608 2740 652 2793 tot
674 2742 804 2811 mentes,
830 2742 874 2792 tot
895 2732 1013 2811 praedia
1036 2747 1139 2792 senuas

305 2814 434 2897 Appula,
457 2825 501 2877 tot
523 2816 627 2878 milvos
650 2817 723 2878 intra
747 2826 796 2878 tna
820 2834 928 2897 pasena
949 2812 1067 2877 lassos?
1259 2826 1293 2879 td

304 2898 344 2962 l'e
371 2898 530 2962 'l'rilolinus
553 2919 625 2979 ager
646 2901 778 2962 lesundis
801 2901 906 2961 vitibus
932 2900 1043 2980 implet,

303 2987 537 3066 Suspectumque
559 2987 655 3064 iugum
679 2984 778 3047 Gumis
801 2994 829 3047 et
849 2985 960 3046 Gaurus
984 2985 1075 3046 inanis
1099 3019 1141 3032 «-

305 3068 373 3131 Nam
395 3070 460 3150 quis
482 3068 566 3149 plura
590 3069 651 3131 linit
674 3071 787 3130 victuro
809 3069 888 3131 dolia
910 3066 1028 3130 musto?
1049 3104 1089 3115 -

305 3154 446 3228 Quantum
471 3162 534 3215 erat
556 3154 690 3216 exhausti
712 3153 825 3215 lumbos
847 3153 957 3215 donare
981 3153 1095 3215 clientis

304 3237 455 3316 lugeribus
479 3238 595 3317 pausis!
619 3238 761 3299 meliusne
782 3238 829 3314 hie
850 3238 976 3299 rusticus
999 3238 1091 3299 inians
1259 3248 1293 3301 60

305 3319 373 3383 Cum
397 3331 489 3384 matre
512 3331 541 3384 et
564 3323 671 3384 easulis
693 3331 722 3383 et
744 3323 901 3384 conlusore
925 3322 1032 3383 catello

305 3404 442 3483 Cymbala
468 3407 609 3487 pulsantis
631 3406 759 3486 legatum
782 3408 833 3468 liet
855 3404 961 3468 amisi?

305 3487 457 3569 lmprobns
484 3508 534 3569 ea,
557 3509 644 3572 quum
670 3493 788 3571 poscis,
812 3494 860 3553 ait.
878 3523 919 3537 -
939 3489 998 3550 Sed
1022 3490 1124 3569 pensio
1148 3488 1252 3551 elamat

306 3572 413 3643 Poene:
437 3575 491 3635 aed
514 3575 646 3655 appellat
667 3594 741 3656 puer
764 3577 880 3651 uniens,
904 3585 933 3635 ut
955 3573 1123 3653 Polyphemi

308 3654 373 3717 bata
395 3659 492 3733 acies,
514 3677 570 3740 per
591 3678 674 3740 quam
696 3660 803 3721 sollers
825 3660 919 3721 evasit
940 3656 1052 3723 Ulixes.
1259 3668 1293 3725 db

310 3741 389 3802 Alter
413 3743 553 3809 emendus
578 3747 649 3822 erit,
672 3762 796 3824 namque
818 3743 866 3809 bie
889 3742 1089 3819 nontamen,
1114 3742 1199 3805 ambo
