3434 4575
587 440 928 501 EPIGRAMMATON
941 440 1017 504 LIB.
1032 440 1097 503 XII.

405 595 482 656 Nam
500 593 643 671 quotiens
658 593 775 670 surgis,
797 592 914 650 soteria
927 592 1030 669 poscis
1047 592 1168 654 amieos.

448 678 496 736 Sit
510 675 627 755 pudor:
649 681 774 754 aegrota
788 676 865 752 iam,
885 674 1105 753 Polycharmo,
1126 674 1232 739 semel.

407 873 470 932 Gur
484 889 576 949 saepe
591 871 665 929 sicci
679 890 772 949 parva
786 889 859 929 rura
872 868 1017 929 Nomenti

403 956 577 1033 Laremque
590 952 684 1012 villae
700 952 858 1013 sordidum
875 959 995 1032 petam,
1018 954 1164 1032 quaeriue

404 1039 470 1099 Neo
484 1035 654 1116 cogitandi,
677 1036 807 1115 Sparse‚
828 1056 887 1097 neo
902 1037 1082 1115 quiescendi

404 1124 438 1184 In
452 1124 530 1182 urbe
543 1121 630 1180 Iocus
645 1125 693 1178 est
707 1122 844 1199 pauperi.
876 1120 998 1199 Negant
1011 1122 1103 1182 vitam

384 1205 626 1282 5Ludimagistri
640 1222 745 1280 mane,
766 1210 859 1263 nocte
874 1206 1027 1283 pistores,

405 1291 604 1349 Aerariorum
619 1286 747 1346 marculi
762 1287 812 1347 die
827 1293 904 1348 toto.
972 1306 977 1311 ·

404 1375 486 1432 Hinc
502 1373 617 1431 otiosus
633 1368 789 1430 sordidam
805 1373 904 1449 quatit
919 1390 1054 1431 mensam

404 1458 580 1515 Neroniana
595 1453 813 1514 nummularius
829 1473 945 1528 massa3

405 1540 492 1599 IIIIno
506 1537 623 1598 balucis
636 1535 799 1597 malleator
812 1537 970 1617 Hispanae

361 1634 397 1685 10
404 1625 527 1684 Tritum
541 1622 655 1680 nitenti
669 1620 752 1680 fuste
767 1623 914 1680 verberat
927 1640 1040 1682 sarum.

405 1707 471 1766 Neo
485 1707 575 1765 turba
592 1710 693 1764 cessat
708 1706 854 1764 entheata
869 1703 1033 1782 Bellonae,

406 1790 471 1850 Nec
485 1789 615 1848 fasciato
630 1790 796 1866 naufragus
809 1785 924 1866 loquax
938 1796 1067 1865 munao,

406 1876 434 1934 A
450 1879 548 1932 matre
566 1870 674 1931 doctus
691 1890 750 1932 neo
764 1889 875 1950 rogare
892 1870 1037 1947 Iudaeus,

381 1975 384 1982 ·
406 1957 471 2016 Neo
486 1954 684 2036 sulphuratae
699 1955 801 2035 lippus
815 1956 943 2014 institor
957 1956 1080 2018 merois.

364 2041 575 2102 loNumerare
589 2040 670 2120 pigri
687 2039 795 2099 damna
810 2041 863 2117 qui
876 2043 982 2117 potest
997 2040 1112 2117 somni,

404 2126 495 2185 Dicet
510 2130 584 2203 quot
597 2142 668 2182 aera
681 2126 850 2184 verberent
864 2140 969 2181 manus
984 2123 1086 2200 urhis,

405 2211 482 2270 (lum
496 2214 581 2268 secta
595 2205 712 2267 Colcho
728 2207 813 2267 Luna
828 2203 951 2286 vapulat
965 2207 1103 2268 rhombo.

407 2295 473 2369 Tu,
498 2294 628 2371 Sparso,
646 2295 749 2352 neseis
765 2295 840 2370 ista,
859 2311 919 2351 neo
934 2297 1024 2371 potes
1039 2293 1137 2369 seire,

403 2377 565 2435 Petilianis
580 2373 730 2433 delicatus
743 2378 775 2434 in
789 2377 911 2453 regnis,

364 2459 463 2520 locui
477 2456 569 2535 plana
588 2474 719 2514 summos
735 2456 868 2537 despicit
882 2457 989 2516 domus
1003 2466 1139 2536 montes,

406 2542 514 2600 Etrus
529 2539 561 2596 in
575 2538 652 2596 urhe
667 2545 717 2597 est
729 2540 904 2616 vinitorque
919 2540 1081 2600 Romanus.

406 2623 471 2683 Neo
484 2624 515 2681 in
532 2619 668 2681 Falerno
683 2619 764 2680 colle
778 2623 876 2680 maior
890 2628 1083 2696 auctumnus,

405 2709 551 2786 Intraque
564 2703 661 2764 IImen
679 2704 781 2765 clusus
796 2704 907 2764 essedo
923 2723 1045 2779 corsua,

404 2792 447 2850 Et
461 2792 492 2849 iu
507 2789 662 2869 profundo
678 2808 818 2866 somnus,
840 2794 874 2848 et
890 2789 977 2866 quiea
992 2785 1085 2846 nullia

363 2884 397 2936 25
405 2874 530 2934 Offensa
542 2872 672 2951 linguis3
694 2891 753 2932 neo
768 2872 835 2932 dies
848 2873 909 2931 nisi
925 2871 1082 2931 admissus.

406 2959 470 3018 Nos
486 2958 675 3016 transeuntis
690 2958 770 3016 risus
788 2957 902 3016 excitat
921 2955 1047 3030 turbae,
1078 2987 1082 2997 ·

404 3043 446 3102 Et
461 3039 500 3100 ad
514 3039 615 3100 cubile
633 3047 682 3100 est
695 3040 798 3101 Roma.
829 3037 947 3099 Taedio
963 3038 1054 3097 fessis

405 3126 548 3185 Dormire
564 3125 707 3202 quotiens
721 3123 827 3201 libuit,
848 3125 927 3183 imus
943 3121 981 3182 ad
993 3121 1105 3182 villam.

787 3238 892 3300 LVIII.

406 3320 643 3382 Auelllariolum
658 3327 757 3381 tuate
771 3328 860 3382 vocat
874 3340 964 3395 uuor,
987 3322 1099 3400 etipsa

448 3404 653 3466 Lecticariola
665 3411 731 3464 est:
754 3407 847 3482 estis,
869 3402 1004 3482 Alauda,
1025 3423 1127 3485 pares.

803 3502 883 3563 LIX.

407 3585 540 3644 Tantum
556 3585 607 3645 dat
620 3586 678 3646 tihi
693 3586 790 3646 Roma
803 3587 957 3645 basiorum

404 3667 481 3727 Post
495 3688 590 3728 annos
604 3669 695 3729 modo
711 3668 886 3749 quindecim
900 3686 1044 3744 reverso,

1299 439 1361 509 20⁷
