3434 4575
357 456 421 521 286
683 454 719 515 Μ
743 453 835 517 VAL.
853 452 1080 514 MARTIALIS

443 608 477 671 si
491 614 524 668 te
540 605 699 667 delectant
713 609 847 666 animosa
860 604 1016 685 pericula,
1038 606 1157 667 Tuscis

401 702 435 756 10
483 724 526 735 -
543 689 656 751 Tutior
671 696 720 751 est
732 692 830 751 virtus
842 723 887 735 -
902 688 1086 750 insidiemur
1102 693 1203 771 apris.

443 774 525 854 Quid
541 781 574 836 te
588 774 678 835 irena
691 775 797 835 iuvant
810 774 998 833 temeraria?
1019 776 1146 855 saepius
1161 773 1254 855 illis,

484 859 610 938 Prisce,
632 857 736 919 datum
751 863 801 919 est
814 859 952 939 equite·
965 876 1129 938 rumpere,
1152 879 1252 938 quam
1267 858 1338 941 lepo

845 991 911 1052 XV.

441 1101 597 1184 Quidquid
611 1102 776 1162 Parrhasia
789 1102 909 1161 nitebat
923 1100 1008 1181 aula,

440 1188 592 1247 Donatum
607 1191 656 1246 est
670 1184 768 1245 oculis
782 1182 912 1264 deisque
925 1188 1049 1247 nostris.

440 1270 575 1331 Miratur
591 1270 752 1349 Scythicas
766 1270 898 1329 virentis
912 1272 979 1329 auri

439 1353 592 1416 Flammas
607 1353 760 1433 iuppiter,
784 1359 817 1413 et
831 1357 937 1433 stupet
949 1356 1075 1434 superbi

416 1438 532 1516 5Regis
548 1436 677 1499 delicias
692 1455 862 1516 gravesque
876 1435 975 1497 luxus.

439 1523 526 1582 Haeo
540 1527 612 1582 sunt
625 1518 754 1601 poeula,
773 1538 850 1599 quae
868 1518 983 1581 decent
998 1520 1194 1599 Tonantem3

439 1606 526 1665 Haeo
540 1610 627 1684 sunt,
649 1622 727 1683 quae
743 1604 913 1684 Phrygium
928 1604 1042 1666 decent
1056 1606 1252 1671 ministrnm.

440 1689 555 1750 Omnes
569 1707 638 1751 oum
651 1688 721 1749 love
737 1707 818 1749 nune
831 1708 934 1751 sumus
948 1691 1040 1750 beati.

440 1773 483 1833 At
497 1792 654 1853 nuper-
671 1771 785 1853 pudet,
807 1774 846 1833 ab
859 1771 959 1854 pudet
971 1772 1065 1834 fateri
1078 1806 1122 1819 -

398 1867 433 1921 lo
440 1857 556 1919 Omnes
570 1878 638 1920 enm
652 1857 722 1918 love
737 1875 892 1937 pauperes
908 1875 1037 1919 eramus.

838 1988 918 2054 XVI.
973 1988 974 1992 ’

439 2102 582 2183 Addixti,
601 2104 757 2184 Labiene,
778 2109 844 2164 tres
858 2101 991 2181 agellos;

438 2188 567 2266 Emisti‚
588 2188 740 2261 Labiene,
762 2194 829 2248 tres
844 2185 1005 2248 cinaedos:
1122 2243 1124 2247 .

438 2269 604 2349 Paedieas,
625 2271 780 2350 Labiene,
800 2277 868 2331 tres
883 2267 1010 2349 agellos.

829 2404 924 2468 XVII.

439 2515 618 2593 Quare-tm
631 2514 736 2578 moltis
751 2538 768 2577 a
783 2524 831 2596 te,
854 2517 1002 2595 Laetine,
1024 2498 1134 2577 &ebus

470 2599 548 2674 Non
563 2602 654 2660 abeat
668 2601 781 2680 febris,
805 2602 928 2680 quaeris
943 2608 1086 2680 eiusque
1102 2603 1212 2679 gemis.

438 2683 586 2745 Gestatur
599 2691 701 2745 tecum
713 2687 833 2767 pariter
846 2686 1027 2765 pariterque
1040 2682 1177 2764 lavatur,

480 2768 580 2830 cenat
592 2767 733 2846 boletos,
755 2776 877 2847 ostrea,
896 2788 1022 2847 sumen,
1042 2788 1159 2849 aprum.

414 2851 532 2913 §Ebria
547 2852 655 2913 Setino
669 2853 706 2913 fit
720 2871 813 2933 saepe
828 2859 862 2914 et
875 2872 968 2934 saepe
981 2850 1134 2930 Falerno,

478 2935 544 2995 Nec
559 2937 619 2995 nisi
632 2955 691 3016 per
705 2939 824 2997 niveam
839 2937 980 2999 caecuba
993 2942 1081 3017 potat
1095 2956 1217 3015 aquam.

438 3018 630 3079 Circumfusa
644 3021 724 3080 rosis
739 3027 772 3079 et
785 3021 874 3100 nigra
887 3022 1040 3081 recumbit
1054 3039 1191 3100 amomo,

477 3101 600 3163 Dormit
613 3109 646 3162 et
659 3104 691 3162 in
706 3103 809 3183 plume
821 3122 1041 3185 purpureoque
1055 3109 1134 3165 toro.

437 3186 514 3248 Cum
528 3188 660 3247 reoubet
673 3186 820 3267 pulchre,
840 3207 909 3250 eum
924 3194 986 3249 tam
999 3189 1178 3249 bene‘vivat
1194 3189 1281 3271 apud
1300 3196 1339 3268 te,

394 3279 428 3333 10
476 3268 526 3330 nd
539 3270 664 3331 Damam
677 3273 781 3352 potius
794 3272 840 3333 via
855 3278 908 3332 tua
921 3272 1019 3332 febris
1035 3271 1108 3333 eati

815 3405 924 3468 xvffl.

434 3521 515 3583 Dum
530 3529 565 3583 tn
578 3523 710 3585 forsitan
723 3510 885 3604 inquietus*
897 3543 983 3586 erras

435 3605 592 3686 Clamosa,
613 3605 782 3687 luvenslis,
805 3610 837 3668 in
852 3609 988 3688 Subura,

434 3689 497 3750 nus
510 3689 622 3753 eollem
636 3691 777 3754 dominae
790 3693 867 3753 teris
882 3694 1015 3768 Dianae3
