3434 4575
698 496 906 544 PRAEFATIO.
1263 499 1315 546 vn

335 653 408 728 125,
431 673 522 734 quam
537 651 772 712 emendatricem
788 671 911 730 operam
926 651 990 710 ludi
1013 654 1107 713 satius
1124 674 1192 715 esse
1206 653 1314 715 videa·

329 748 394 814 tur3
406 738 480 796 mihi
495 745 576 795 certe
591 755 649 795 nec
662 741 871 810 prammatirum
884 755 938 814 pro
955 741 1059 810 trayico
1072 737 1228 799 Prellerus
1239 737 1313 798 ibid.

333 820 422 894 1846,
437 842 468 899 p.
484 819 533 892 43,
549 839 607 878 nec
623 830 744 892 tempore
758 824 861 894 tropico
881 817 1022 879 Osannus
1043 820 1075 879 in
1091 820 1203 882 Philol.
1219 822 1257 881 Τ.
1270 823 1312 896 Π,

330 927 360 986 p.
377 902 438 966 384
456 903 612 983 probavit,
629 911 723 982 utque
744 902 910 963 concedam
930 904 1080 980 tragicum
1100 914 1223 984 poetam
1239 904 1312 966 Gor·

329 998 435 1049 nutum
460 986 713 1046 cum-Welckero
733 987 847 1064 griech.
868 987 1021 1065 Tragoed.
1044 1008 1074 1066 p.
1105 988 1185 1049 1457
1206 989 1314 1050 haberi

331 1075 386 1132 vix
405 1092 510 1151 posse,
539 1070 616 1130 illud
642 1078 759 1143 tamen,
783 1070 865 1151 quod
888 1072 934 1130 rei
953 1071 1042 1130 unice
1065 1074 1228 1134 convenire
1247 1074 1314 1151 jam

330 1158 476 1216 Pithoeus
491 1154 658 1227 intellexit,
674 1154 822 1235 quomodo
838 1175 905 1214 cum
919 1155 1077 1214 literarum
1090 1157 1228 1235 vestigiis
1243 1177 1313 1216 con·

330 1242 446 1313 ciliem,
467 1258 559 1316 aegre
580 1240 713 1297 invenio.
756 1238 905 1297 Nimirum
925 1241 1032 1297 Stoicae
1051 1248 1154 1300 sectae
1171 1241 1315 1319 magister

332 1323 482 1384 Cornutus
499 1323 557 1381 fuit
580 1342 678 1402 eaque
696 1322 856 1401 disciplina
874 1323 965 1382 etiam
983 1321 1123 1383 Persium
1140 1325 1183 1383 ita
1199 1323 1314 1398 imbuit,

330 1417 364 1467 ut
377 1427 478 1489 neque
496 1407 587 1484 hujus
606 1407 714 1466 satiras
731 1407 796 1465 sine
817 1407 900 1466 illius
914 1405 1127 1486 philosophiae
1144 1408 1253 1468 notitia
1267 1409 1312 1467 in·

329 1492 470 1569 telligere
490 1491 588 1569 possis
609 1510 709 1570 neque
732 1488 854 1550 Stoicae
875 1491 1032 1550 doctrinae
1053 1492 1248 1553 sinceriorem
1267 1492 1311 1551 in·

329 1584 496 1654 terpretem
510 1575 602 1634 facile
617 1575 773 1650 invenias3
791 1574 879 1634 immo
893 1574 1039 1653 plurimas
1056 1577 1121 1652 ejus
1136 1576 1313 1656 disputatio·

330 1680 385 1719 nes
406 1659 530 1738 propius
552 1658 592 1716 ad
615 1658 737 1717 scholae
753 1667 920 1737 praecepta
942 1677 1033 1738 quam
1055 1658 1095 1718 ad
1115 1661 1210 1739 ipsius
1231 1660 1315 1720 vitae

330 1764 418 1803 usum
439 1741 587 1801 accedere
609 1742 692 1801 haud
710 1741 857 1801 immerito
880 1741 1010 1814 dixeris,
1032 1750 1127 1823 utque
1145 1763 1314 1804 sermonem

329 1827 430 1886 Persii
444 1826 608 1884 innumeris
629 1826 661 1883 in
681 1825 757 1884 locis
780 1825 820 1884 ad
834 1825 956 1883 Horatii
975 1825 1174 1886 imitationem
1194 1826 1312 1886 confor-

329 1918 442 1969 matum
463 1930 531 1969 esse
552 1910 641 1968 docta
663 1907 837 1968 anauboni
858 1908 996 1967 sollertia
1020 1909 1240 1989 comprobavit,
1270 1910 1315 1970 ita

330 1993 496 2054 sententias
507 1995 670 2074 pleraeque
688 1992 796 2052 iisdem
807 2012 907 2072 paene
921 1991 1023 2051 verbis
1045 1993 1127 2072 apud
1140 1994 1314 2073 Epictetum

329 2078 468 2158 aliosque
483 2086 622 2136 auctores
636 2076 754 2136 Stoicos
764 2076 865 2137 redire
881 2075 1017 2154 ejusdem
1032 2079 1237 2138 commentarii
1249 2097 1311 2136 ma-

329 2162 441 2220 nifesto
466 2170 605 2239 arguunt.
647 2159 738 2238 Quod
759 2181 822 2220 non
841 2161 873 2218 in
894 2161 1144 2221 obtrectationem
1162 2162 1214 2222 vel
1234 2162 1310 2225 iuvi·

331 2245 412 2305 diam
438 2246 544 2305 Persio
574 2245 763 2305 conflandam
786 2244 898 2305 dictum
928 2251 1008 2318 esto,
1038 2252 1183 2327 tanquam
1211 2245 1313 2307 aliena

329 2332 426 2408 magis
451 2350 542 2410 quam
559 2330 606 2389 eui
622 2330 737 2407 ingenii
751 2329 863 2389 virtute
878 2330 1030 2409 poeticam
1045 2329 1170 2391 laudem
1184 2328 1312 2410 adeptus

330 2416 385 2489 sit3
404 2415 490 2491 cujus
512 2415 661 2492 ingenuus
677 2414 779 2473 fervor
797 2422 828 2473 et
842 2413 1036 2473 vehementia
1051 2417 1173 2475 summis
1189 2415 1311 2495 quibus·

331 2517 391 2579 que
401 2498 524 2557 ausibus
532 2506 605 2577 apta
615 2498 673 2556 hac
686 2499 754 2576 ipsa
764 2518 799 2558 rc
813 2506 951 2577 apparet,
967 2497 1148 2577 quodetiam
1164 2518 1243 2580 quae
1259 2519 1312 2559 ex·

330 2583 479 2641 trinsecus
497 2590 671 2661 acceperat,
689 2583 733 2639 ita
748 2583 780 2641 in
796 2601 919 2641 succum
940 2589 970 2641 et
991 2583 1171 2659 sanguinem
1186 2602 1307 2643 conver·

329 2667 379 2738 tit,
397 2672 431 2723 ut
443 2666 503 2725 nisi
524 2665 647 2724 aliunde
663 2665 763 2724 edocti
780 2665 879 2725 omnia
898 2666 992 2745 ipsius
1008 2665 1134 2725 inventa
1159 2668 1311 2727 existima·

329 2769 445 2826 remus,
460 2750 519 2808 hoc
534 2759 636 2809 tamen
651 2749 735 2807 salvo
759 2752 824 2827 ejus
843 2749 958 2808 bonore
974 2749 1159 2811 contendere
1179 2751 1253 2810 mihi
1266 2750 1311 2810 vi·

330 2833 418 2906 deor,
433 2842 557 2913 poetam
572 2834 657 2892 illum
674 2852 692 2890 a
707 2842 826 2906 natura,
842 2833 997 2891 satiricum
1018 2833 1056 2892 ab
1074 2842 1139 2894 arte
1159 2835 1260 2914 potius
1283 2841 1314 2894 ct

330 2917 435 2976 schola
449 2918 562 2977 factum
578 2937 654 2977 esse.

416 2999 479 3060 Sed
498 3010 532 3061 ut
553 3022 592 3061 ex
608 3001 787 3061 diverticulo
809 3003 841 3061 in
863 3001 945 3059 viam
963 2999 1101 3074 redeam,
1119 3007 1222 3060 amaea
1235 2999 1311 3060 Per·

331 3085 393 3143 siue
406 3087 499 3143 babuit
508 3107 526 3144 a
537 3092 631 3159 prima
642 3089 823 3144 adolescentia
835 3089 958 3146 Caesium
965 3088 1087 3143 Bassum
1093 3095 1214 3159 poetam,
1222 3102 1311 3163 quem

330 3169 428 3227 solum
442 3166 649 3245 Quintilianus
665 3170 708 3227 X.
728 3170 755 3227 1.
772 3168 812 3230 96
830 3170 954 3248 dignum
969 3169 1122 3245 judicavit
1140 3169 1192 3249 qui
1211 3167 1309 3225 Hora

329 3253 372 3310 tio
395 3252 593 3330 adjiceretur,
615 3264 641 3311 et
660 3258 838 3326 Calpurniam
862 3256 1002 3313 Statorem
1023 3254 1130 3312 velut
1155 3249 1310 3311 Oasaubo-

329 3356 387 3394 nus
404 3338 511 3396 maluit
526 3340 643 3409 Soram,
661 3344 709 3412 qui
722 3343 780 3397 vivo
794 3355 825 3396 eo
834 3341 948 3411 juvenis
964 3342 1086 3408 decessit,
1101 3335 1183 3394 idem
1198 3342 1311 3407 tamen,

329 3420 356 3478 si
373 3418 514 3499 Sarpium
529 3420 667 3481 audimus
681 3419 807 3498 Quaest.
822 3421 929 3501 philol.
944 3442 975 3499 p.
994 3418 1026 3477 11
1042 3440 1119 3499 sqq,
1139 3418 1310 3497 eclogarum

330 3504 473 3582 scriptor,
504 3526 583 3585 quae
612 3525 694 3564 nunc
717 3504 875 3584 Calpurnii
900 3503 996 3564 Siculi
1022 3503 1143 3562 nomine
1164 3502 1310 3576 feruntur,

330 3607 504 3668 quanquam
514 3589 546 3648 id
561 3599 758 3649 commentum
770 3608 868 3667 nuper
874 3588 992 3648 idoneis
1002 3586 1186 3663 argumentis
1193 3587 1308 3666 impug-

329 3679 434 3729 natum
449 3681 510 3749 est,
527 3679 609 3732 coluit
622 3682 722 3733 autem
731 3682 762 3731 at
770 3681 882 3746 patrem
897 3676 1039 3731 Serviliam
1053 3674 1218 3743 Nonianum,
1226 3672 1309 3750 prin·

330 3756 429 3834 cipem
443 3758 583 3830 civitatis,
598 3766 632 3816 ut
647 3757 819 3836 appellatur
833 3775 852 3813 a
866 3756 967 3816 Plinio
980 3754 1022 3814 N.
1033 3754 1308 3813 Histoexxvm,

332 3840 361 3910 5,
383 3861 472 3920 quem
493 3850 524 3900 et
545 3861 661 3900 morum
685 3840 838 3919 probitate
861 3849 891 3899 et
916 3838 1038 3900 dicendi
1061 3839 1208 3899 facultate
1230 3839 1307 3897 inter
