3434 4575
396 314 438 381 88
718 315 763 378 Μ.
779 314 872 378 VAL.
888 315 1113 379 MARTIALIS

520 467 622 545 Dona,
643 467 839 546 peregrinam
854 466 1003 525 mittimus
1017 464 1250 527 endromidam:
1265 503 1307 514 -

457 551 541 612 osen
555 549 675 610 lentum
690 568 812 609 ceroma
826 551 904 609 teria
919 549 1096 628 tepidumve
1113 551 1255 631 trigona,

521 636 592 695 Siue
606 635 751 714 Irprpusta
767 653 857 692 manu
871 631 1091 713 pulverulenta
1104 634 1208 714 rapis;

476 718 602 779 Plumea
618 737 674 777 seu
686 716 748 777 laxi
762 718 890 797 partiris
903 715 1043 797 pondera
1057 715 1160 795 follis,

520 803 591 862 Sive
605 801 707 862 levem
722 821 814 861 cursu
828 802 954 861 vincere
969 803 1093 880 quaeris
1106 801 1227 862 Athen:
1243 836 1290 848 -

476 885 523 947 Ne
538 886 677 946 madidos
691 887 789 945 intret
802 883 997 965 penetrabile
1011 886 1109 964 IrIgns
1124 886 1158 947 ln
1171 890 1277 966 utus,

435 981 469 1033 10
517 971 602 1031 Neve
620 971 719 1050 gravis
733 971 835 1030 subita
848 976 881 1029 te
897 974 1019 1049 premat
1033 971 1090 1030 IrIs
1105 989 1199 1048 aqna:

476 1055 605 1116 Ridebis
618 1063 728 1117 ventos
742 1054 802 1114 boc
817 1072 946 1113 munere
960 1059 1062 1114 tectus
1076 1059 1110 1115 et
1122 1055 1259 1114 imbres:

518 1140 583 1199 Nec
601 1139 646 1199 sio
660 1141 693 1197 in
710 1139 807 1217 Tyria
821 1137 952 1197 sindone
967 1136 1067 1198 cultus
1083 1137 1155 1198 eris.

882 1271 949 1333 XX.

477 1383 560 1442 Dicit
574 1402 608 1443 se
622 1381 772 1461 vetulam,
796 1403 864 1443 cum
882 1385 923 1444 sit
938 1381 1092 1444 Caerellia
1106 1403 1202 1464 popu:

518 1467 635 1547 Pupam
650 1486 684 1527 se
700 1466 777 1527 dicit
793 1466 912 1545 Gellia,
933 1469 1056 1528 comsit
1073 1486 1157 1528 anus.

477 1551 577 1612 Ferre
592 1570 651 1612 nee
664 1553 743 1611 hanc
755 1553 873 1630 possis,
896 1553 1013 1630 possis,
1036 1549 1177 1630 colline,
1198 1568 1259 1613 neo
1273 1549 1379 1614 illamt

518 1634 628 1696 Altera
642 1634 774 1697 ridicula
789 1643 853 1715 est,
876 1634 974 1694 altera
988 1633 1138 1715 putidula.

869 1769 948 1830 XXI.

476 1880 587 1943 Nullos
602 1899 671 1941 ease
687 1881 778 1961 deos,
799 1883 891 1942 inane
911 1856 1027 1951 eoelum

477 1966 622 2026 Affirmat
636 1966 745 2044 Segius
759 1968 948 2046 probatque,
972 1965 1054 2045 quod
1068 1985 1102 2026 se

475 2049 621 2127 Factum,
642 2047 713 2108 dum
727 2057 820 2127 negat
833 2050 927 2127 haee,
948 2050 1034 2109 ridet
1047 2051 1179 2110 beatum.

863 2183 955 2244 XXII.

476 2296 598 2354 Primos
611 2314 700 2375 passa
715 2301 801 2356 toros
815 2304 848 2357 et
863 2296 962 2358 adbuc
977 2295 1128 2379 placanda
1141 2297 1252 2357 marito

518 2379 677 2439 Merserat
691 2382 724 2439 ln
739 2380 853 2441 nitidos
868 2401 903 2442 se
918 2382 1085 2461 Cleopatra
1097 2380 1199 2456 lacus,

476 2462 553 2522 Dum
568 2463 649 2542 fugit
666 2463 839 2545 amplexus:
862 2466 919 2527 sed
933 2465 1073 2546 prodidit
1087 2464 1168 2525 unda
1181 2462 1355 2543 latentem,

516 2545 670 2627 Lueebat,
691 2551 766 2610 totis
781 2570 848 2611 cum
862 2556 1024 2631 tegeretur
1039 2552 1134 2629 aquis.

453 2630 611 2692 scondits
626 2634 670 2692 sio
684 2654 761 2714 puro
776 2643 977 2696 numerantur
990 2632 1059 2694 lilia
1073 2636 1170 2712 vitro,

519 2714 570 2774 Sic
584 2718 731 2795 probibet
745 2722 847 2779 tenuis
862 2739 979 2798 gemma
993 2717 1094 2778 latere
1108 2737 1205 2781 rosas.

474 2797 580 2858 insilui
595 2819 775 2881 mersusque
791 2803 876 2863 vadis
889 2801 1039 2864 luctantia
1054 2804 1155 2882 carpsi

517 2883 623 2943 basia:
644 2888 828 2967 perspicuae
840 2885 911 2968 plus
928 2887 1068 2948 vetuistis
1083 2904 1188 2966 aquae.

859 3034 965 3096 XXIII.

348 3212 350 3217 ,
474 3146 552 3207 Dum
567 3152 601 3207 tn
615 3143 703 3207 lenta
716 3148 806 3208 nbula
823 3145 938 3227 diuque
955 3150 1094 3227 quaeris,

475 3232 549 3308 Quis
568 3232 685 3311 primus
699 3233 758 3292 tibi
775 3234 880 3311 quisve
896 3234 936 3292 sit
950 3231 1119 3309 secundus,

475 3316 600 3377 Graium
616 3317 721 3395 quisve
737 3318 923 3396 epIgramma
938 3316 1136 3395 compararit:

473 3397 607 3460 Palmum
622 3399 844 3477 CaIIImachus,
869 3398 998 3479 Thalia,
1020 3399 1059 3459 de
1079 3416 1113 3459 se

369 3560 374 3570 Ι
452 3482 620 3544 5Faeundo
636 3483 723 3545 dedit
737 3486 805 3566 ipse
819 3484 978 3545 Brutiano.

475 3567 533 3643 Qui
548 3569 574 3628 si
589 3569 741 3650 Cecropio
756 3575 840 3629 satur
854 3564 966 3649 lepore
