3434 4575
363 325 425 389 152
685 323 730 385 Μ.
745 322 838 386 VAL.
854 322 1080 383 MARTlffls

446 477 532 536 Uxor
547 475 676 534 moecha
688 474 749 533 tibi
764 479 828 532 est:
850 473 911 532 hoc
926 471 966 531 ad
978 478 1012 531 te
1025 473 1181 552 pertinet,
1203 471 1273 536 ole.

490 559 596 618 Poscit
614 559 674 617 iam
692 556 796 617 dotem
811 555 877 615 filia
893 554 1030 633 grandis:
1052 564 1085 616 et
1099 557 1170 616 hoc.

405 642 559 706 liDicere
574 640 775 720 quindeciens
790 647 947 720 poteram,
969 639 1051 719 qnod
1065 643 1207 719 pertInet
1220 638 1261 702 ad
1273 647 1322 705 tet

491 725 554 786 Sed
570 724 644 804 quid
658 743 745 803 agas,
767 722 869 783 adme
883 726 1038 804 pertinet,
1060 723 1139 804 01e‚
1161 723 1253 809 niltil

858 858 911 920 xl.

448 973 541 1050 (logis
556 991 605 1031 me
619 968 733 1030 calamo
747 989 900 1049 manuque
915 977 1022 1030 nostra

446 1055 622 1133 Emendare
636 1073 740 1130 meos,
757 1052 900 1132 Pudens,
918 1053 1056 1114 libellos.

449 1140 475 1199 0
491 1159 579 1218 quam
592 1158 643 1198 me
657 1139 783 1197 nimium
797 1139 910 1216 probas
928 1155 1087 1217 amasque,

449 1224 509 1300 Qui
523 1225 569 1283 via
585 1222 768 1300 archetypas
782 1222 901 1281 habere
914 1222 1026 1299 nugas!

818 1393 821 1398 -
859 1354 923 1414 ΧΠ.

450 1467 503 1528 Sic
517 1485 567 1527 me
581 1467 687 1527 tronto
699 1465 786 1545 legat
798 1467 956 1544 dominns,
976 1468 1141 1545 Faustine,
1164 1489 1281 1533 serena

490 1552 692 1630 Excipiatque
708 1570 811 1629 meos,
834 1571 894 1630 qua
908 1550 991 1611 solet
1005 1571 1096 1629 aure,
1117 1556 1222 1633 iocos,

448 1636 492 1696 Ut
506 1654 575 1696 mea
589 1653 648 1694 nec
660 1636 742 1695 iuste
758 1655 835 1714 quos
853 1634 936 1713 odit,
958 1638 1069 1715 pagina
1083 1635 1195 1716 laesit,

489 1721 531 1781 Et
544 1720 621 1778 mini
636 1718 675 1779 de
690 1718 774 1778 nullo
790 1720 871 1777 fama
885 1721 1000 1779 rubore
1016 1718 1130 1801 placet.

427 1803 533 1880 5Quid
547 1801 693 1882 prodest,
715 1804 840 1881 cupiant
855 1822 922 1862 cnm
938 1802 1059 1881 quidam
1073 1808 1182 1864 nostra
1195 1804 1318 1888 videri,

492 1887 525 1947 Si
540 1906 599 1966 qua
613 1886 787 1965 Lycambeo
804 1888 953 1963 sauguine
969 1887 1034 1947 tela
1047 1887 1198 1948 madenti

448 1972 680 2052 Vipereumque
693 1975 818 2029 vomant
831 1977 939 2029 nostro
955 1974 1011 2032 sub
1028 1973 1152 2031 nomine
1166 1974 1272 2052 virus,

492 2055 551 2131 Qui
563 2054 684 2113 Phoebi
697 2052 801 2112 radios
814 2053 902 2113 ferre
918 2053 1063 2133 diemque
1078 2056 1217 2134 negant?

449 2137 597 2198 Ludimus
612 2138 754 2196 innocui:
776 2138 836 2196 sois
852 2138 912 2197 hoc
927 2140 1023 2198 bene:
1044 2140 1113 2198 iuro
1128 2143 1273 2219 potentis

405 2232 441 2283 10
487 2221 552 2281 Per
566 2221 689 2299 genium
703 2220 816 2280 Famae
835 2219 1063 2302 Castaliumque
1078 2241 1205 2302 gregem

448 2306 572 2384 Perque
587 2311 655 2365 tuas
671 2324 777 2383 aures,
799 2308 901 2383 magni
915 2308 991 2367 mihi
1005 2309 1138 2367 numinis
1151 2309 1273 2387 instar,

488 2390 620 2468 Lector,
641 2390 806 2449 inhumana
818 2388 903 2449 liber
918 2392 955 2450 ab
969 2391 1092 2451 invidia.

845 2532 924 2592 Xlll.

452 2646 531 2708 llum
546 2648 721 2708 Tiburtinis
736 2646 896 2707 'albescere
911 2644 1028 2705 solibus
1043 2646 1129 2707 audit

491 2733 620 2810 Antiqui
635 2730 739 2791 dentis
751 2732 837 2791 fusca
851 2729 982 2809 Lycoris
997 2732 1090 2807 ebur,

448 2814 546 2875 Venit
558 2816 592 2872 in
604 2813 779 2874 Herculeos
794 2812 901 2875 colles.
932 2812 1013 2890 Quid
1030 2814 1158 2875 Tiburis
1171 2814 1230 2877 alti

489 2897 575 2956 Aura
588 2894 687 2957 valet!
715 2898 814 2957 Parvo
827 2903 973 2978 tempore
987 2898 1076 2976 nigra
1089 2897 1180 2961 redit

846 3031 927 3094 XIV.

449 3140 573 3203 Accidit
590 3139 750 3202 infandum
764 3149 890 3203 nostrae
905 3142 1022 3223 scelus,
1043 3143 1141 3224 Aule,
1161 3142 1309 3225 puellae:

492 3226 604 3286 Amisit
617 3224 704 3286 lusus
718 3226 907 3305 deliciasque
922 3248 1007 3303 suas3

449 3309 518 3370 Non
533 3308 640 3388 quales
654 3312 757 3372 teneri
771 3308 906 3390 ploravit
922 3314 1019 3372 amica
1034 3310 1149 3374 catulli

490 3393 621 3470 Lesbia,
640 3396 789 3473 nequitiis
803 3397 939 3474 passeris
955 3398 1031 3456 orba
1044 3398 1107 3473 sui,

430 3474 515 3539 uvel
530 3476 649 3537 Stellae
663 3485 785 3538 canmta
797 3498 867 3538 meo
884 3499 958 3558 quas
972 3481 1060 3540 derit
1074 3480 1209 3558 Ianthis,

490 3560 584 3621 Cuius
596 3562 630 3621 ln
642 3561 749 3642 Elysio
763 3564 851 3641 nigra
867 3562 1005 3624 columba
1018 3561 1108 3625 volat.

265 3833 384 4163 i
