3434 4575
698 477 822 536 ssrnnn
844 486 923 537 1111.
1272 471 1312 535 89
1378 483 1380 488 ’

326 629 474 691 Occultum
499 629 648 707 quatiente
671 631 765 689 animo
790 639 902 690 tortore
925 627 1096 706 flagellum?
1264 639 1313 694 195

325 715 418 776 Poena
440 725 538 775 autem
561 713 718 774 uehemens
740 732 775 774 ae
802 714 893 774 unnlto
917 715 1034 773 saevior
1057 713 1127 786 illis,

325 798 401 873 Qnas
424 807 455 860 et
475 795 630 859 Caedicius
653 800 751 875 gravis
777 799 886 858 invenit
909 806 938 858 et
960 795 1202 873 Rhadamanthus,

325 882 417 945 Nocte
441 882 549 964 dieqne
572 901 653 942 suum
674 892 793 961 gestare
814 885 842 942 in
864 891 986 962 pectore
1008 891 1123 942 testem.

324 969 468 1046 Spartano
492 968 605 1028 suidam
630 967 783 1047 respondit
803 967 904 1043 Pythia
927 977 1020 1042 uates,

323 1051 402 1113 Haud
425 1053 594 1132 impunitum
616 1052 760 1132 quondam
778 1051 859 1127 iore,
884 1051 961 1131 quod
984 1050 1128 1111 dubitaret
1261 1063 1313 1114 200

323 1136 495 1216 Depositum
520 1139 647 1196 retinere
670 1145 700 1196 et
723 1136 852 1197 fraudem
876 1136 938 1196 iure
963 1137 1037 1196 tueri

323 1220 460 1288 iurando:
483 1219 644 1301 quaerebat
667 1221 758 1295 enim,
783 1239 859 1300 qnae
882 1220 1002 1279 numinis
1026 1229 1106 1279 esset

322 1303 422 1380 biens,
449 1315 478 1365 et
500 1324 535 1364 an
556 1305 613 1365 boo
634 1305 677 1365 illi
700 1304 813 1366 iaeinus
835 1305 973 1365 suaderet
995 1302 1126 1382 Apollo?

324 1389 459 1450 Reddidit
483 1407 555 1468 ergo
578 1398 670 1463 metu,
700 1406 757 1448 oon
781 1390 922 1456 moribus:
947 1397 1092 1449 ettamen
1115 1405 1226 1448 omnem

324 1473 434 1534 Vocem
457 1475 535 1549 adyti
558 1474 672 1551 dignam
695 1474 805 1553 templo
827 1491 986 1552 veramque
1010 1471 1155 1552 probavit,
1261 1484 1312 1536 205

322 1557 491 1618 Exstinotns
515 1566 574 1617 tota
599 1560 708 1636 pariter
726 1576 789 1618 oum
813 1559 898 1636 prole
921 1558 1067 1637 domoque

321 1640 359 1703 Et
382 1645 514 1723 quamuis
537 1642 625 1721 longa
647 1642 780 1703 deductis
805 1652 895 1720 gente
920 1643 1099 1721 propinquis.

322 1725 379 1787 Has
400 1728 506 1806 patitur
530 1743 642 1806 poenas
666 1727 809 1806 peooandi
832 1726 897 1787 sola
921 1726 1072 1793 voluntas;

323 1809 393 1871 Nam
416 1812 515 1872 soelns
539 1814 613 1871 intra
635 1830 668 1871 se
694 1813 810 1872 tacitum
834 1812 883 1890 qni
905 1811 1014 1889 cogitat
1038 1810 1136 1882 ulium,

325 1895 404 1957 Fasti
426 1897 535 1956 orimen
558 1895 662 1957 babet:
690 1896 782 1971 oedo,
805 1896 830 1954 si
854 1903 958 1954 eonata
981 1893 1110 1973 peregit!
1260 1905 1312 1958 nlo

324 1980 467 2059 i'erpetna
486 1982 617 2041 anxietas
641 1998 696 2040 nee
717 1998 836 2040 mensae
857 1988 991 2057 tempore
1013 1988 1120 2053 cessat,

323 2062 467 2124 Faucibus
490 2074 521 2125 ut
541 2065 644 2125 morbo
666 2066 753 2126 sienis
779 2061 912 2143 interque
936 2063 1064 2124 molares

321 2147 442 2209 Diiiieili
465 2158 619 2209 crescente
641 2149 722 2217 cibo:
745 2150 846 2210 Setina
869 2149 999 2210 misellus

322 2231 462 2311 Exspnit,
487 2233 593 2295 Albani
617 2235 726 2294 veteris
747 2237 877 2314 pretiosa
901 2245 1038 2296 senectus

322 2317 481 2396 Displicet3
504 2319 643 2379 ostendas
665 2319 795 2397 melius,
809 2321 979 2381 densissima
1001 2340 1071 2399 ruga
1259 2329 1312 2382 als

321 2399 446 2480 Cogitur
467 2404 495 2462 in
516 2403 657 2479 frontem,
681 2404 762 2465 uelut
784 2407 844 2466 aeri
868 2405 952 2465 ducta
975 2403 1110 2465 Falerno.
1190 2438 1191 2441 =

322 2484 416 2547 Nocte
439 2486 557 2549 br'evem
582 2490 605 2548 si
628 2488 704 2548 iorte
727 2489 844 2549 indulsit
870 2507 938 2549 eura
962 2506 1099 2567 soporem

321 2569 359 2631 Et
383 2580 446 2631 toto
469 2582 583 2633 versata
606 2582 672 2632 toro
693 2575 749 2632 iam
774 2572 901 2633 membra
925 2574 1088 2652 quieseunt,

323 2652 467 2715 continno
490 2659 627 2736 templum
649 2667 678 2717 et
700 2656 800 2717 uiolati
822 2659 943 2716 numinis
966 2674 1030 2716 aras

322 2739 375 2813 Et,
404 2740 481 2819 quod
504 2742 671 2821 praecipuis
696 2751 821 2802 mentem
843 2739 997 2802 sudoribus
1018 2753 1113 2820 urget,
1260 2754 1312 2806 tto

322 2823 365 2885 Te
391 2823 522 2885 videtin
546 2827 668 2892 somnis;
693 2834 741 2885 tua
762 2844 847 2886 saera
872 2834 901 2885 et
924 2827 1015 2886 maior
1037 2828 1133 2905 imago

322 2908 449 2969 Humana
472 2910 568 2970 turbat
590 2910 724 2988 pavidum
747 2913 885 2990 cogitque
908 2910 1002 2970 interi.

323 2992 356 3053 idi
379 3001 461 3070 snnt,
486 2995 536 3073 qui
558 2993 704 3072 trepidant
724 3004 754 3055 et
773 2994 809 3056 ad
831 2996 925 3054 omnia
946 2994 1060 3072 fulgura
1084 2995 1205 3075 pallent,

323 3077 415 3151 Quum
440 3086 535 3154 tonat,
560 3079 709 3139 exanimes
734 3082 826 3158 primo
850 3097 966 3158 quoque
986 3097 1129 3140 murmure
1154 3081 1247 3145 coeii:

322 3160 387 3220 Non
409 3163 493 3242 quasi
518 3162 654 3223 iortnitus
675 3181 731 3223 neo
754 3174 904 3223 uentorum
928 3163 1026 3242 rabie,
1053 3163 1105 3224 sed
1259 3174 1310 3225 bnt
1398 3184 1400 3187 ·

322 3246 413 3305 Iratus
437 3246 522 3306 eadat
545 3249 571 3306 in
596 3257 691 3308 terras
713 3258 743 3307 et
765 3248 873 3310 iudicet
896 3250 981 3327 ignis.

321 3328 373 3390 illa
397 3328 467 3391 nibil
488 3333 602 3392 nocuit:
626 3350 694 3392 eura
718 3335 855 3410 grauiore
880 3333 996 3392 timetur

321 3413 456 3475 Proxima
478 3423 654 3493 tempestas,
680 3416 760 3476 velut
782 3416 840 3477 boo
861 3415 948 3476 dilata
973 3434 1089 3476 sereno.

320 3498 478 3559 Praeterea
503 3500 602 3560 lateris
627 3501 708 3578 vigili
733 3518 796 3561 oum
819 3500 904 3561 iebre
928 3500 1060 3560 dolorem

320 3583 351 3643 Si
375 3599 504 3661 coepere
527 3586 603 3662 pati,
627 3586 746 3644 missum
768 3585 804 3645 ad
826 3604 878 3645 sua
901 3600 1026 3662 corpora
1048 3584 1176 3643 morbum
1258 3593 1312 3648 230

319 3667 431 3728 lniesto
453 3668 575 3728 eredunt
597 3688 613 3729 a
635 3671 767 3738 numine;
792 3670 1003 3730 saxadeorum

320 3752 400 3812 Haec
423 3754 532 3812 atteia
556 3763 664 3828 putant.
700 3753 844 3814 Penndem
868 3751 1013 3827 spondere
1036 3752 1149 3813 sacello
