3434 4575
597 463 938 530 EPIGRAMMATON
952 465 1026 526 Llll.
1041 465 1090 526 ΙΙΙ.

786 670 896 732 XLIV.

406 784 551 843 Occurrit
563 782 622 842 tibi
636 800 726 842 nemo
743 780 825 860 qnod
838 779 991 855 libenter,

403 866 510 944 Quod,
532 884 714 944 quacunque
727 866 831 943 venia,
853 865 926 943 iuga
942 872 992 923 est
1005 867 1039 922 et
1051 863 1161 942 ingena

403 950 494 1010 circa
508 956 560 1027 te,
580 949 749 1027 Ligurine,
770 947 924 1024 solitudo,

402 1031 484 1110 Quid
499 1034 557 1108 sit,
579 1035 660 1092 scire
675 1033 783 1112 cupis?
811 1032 909 1091 Nimis
923 1037 1017 1111 poeta
1030 1048 1074 1093 es.

379 1119 472 1178 5Hoc
487 1115 574 1176 valde
588 1117 695 1176 vitium
708 1115 917 1196 periculosum
931 1122 987 1175 est.

402 1201 471 1260 Nou
487 1201 575 1276 tigris
590 1199 700 1260 catulis
715 1201 809 1259 citata
823 1200 938 1278 raptis,

402 1283 472 1344 Non
491 1283 595 1362 dipsas
609 1283 712 1343 medio
727 1288 854 1363 perusta
869 1279 953 1358 sole,

403 1367 469 1427 Nec
487 1368 531 1426 sio
546 1369 685 1446 scorpios
699 1368 858 1445 improbus
875 1366 1013 1428 timetur.

403 1450 480 1510 Nam
495 1457 615 1526 tantos,
637 1470 731 1529 rogo,
754 1452 823 1528 quis
837 1451 923 1508 ferat
937 1446 1084 1509 laboresi

361 1536 446 1597 10Et
461 1536 554 1594 stanti
576 1532 655 1612 legis
671 1544 704 1594 et
717 1533 796 1612 legis
810 1532 952 1611 sedenti,

403 1619 550 1679 Currenti
564 1616 643 1694 legis
657 1624 691 1677 et
703 1616 782 1696 legia
797 1617 924 1677 cacanti.

402 1703 437 1761 ln
450 1703 587 1760 thermas
601 1701 702 1780 t'ugio:
724 1720 814 1761 sonas
829 1699 869 1760 ad
883 1717 998 1760 aurem.

402 1785 555 1845 Piscinam
568 1792 659 1863 peto:
681 1784 833 1844 nonlicet
847 1790 968 1843 natare.

403 1869 453 1928 Ad
468 1887 574 1927 cenam
588 1886 740 1948 propero:
760 1874 851 1926 tenes
866 1872 999 1926 euntem.

360 1952 452 2013 15Ad
467 1970 574 2011 cenam
590 1954 695 2012 venio:
716 1951 805 2029 fugas
819 1949 993 2011 sedentem.

403 2036 516 2096 Lassus
531 2035 666 2095 dormio:
688 2037 818 2095 suscitas
831 2036 994 2095 iacentem.

403 2120 476 2196 Vis,
500 2125 645 2197 quantum
661 2119 756 2179 facias
771 2118 858 2196 mali,
880 2116 1014 2178 videre?

402 2203 461 2264 Vir
475 2204 591 2280 iustus,
611 2205 743 2283 probus,
764 2204 915 2263 innocens
929 2198 1058 2262 timeris.

798 2340 892 2405 XLV.

402 2454 535 2534 Fugerit
550 2473 587 2513 au
601 2453 747 2513 Phoebus
762 2472 1066 2532 mensascenamque
1082 2452 1239 2530 Thyestae

445 2539 572 2616 lguoro:
593 2538 726 2615 fugimus
740 2556 814 2613 noa,
835 2537 1002 2616 Ligurine,
1024 2544 1115 2598 tuam

403 2620 459 2681 Illa
474 2621 599 2699 quidem
613 2620 697 2681 lauta
712 2626 761 2680 est
779 2619 971 2699 dapibusque
985 2623 1138 2681 instructa
1151 2618 1311 2699 superbis,

446 2704 511 2764 Sed
525 2704 604 2764 nihil
619 2706 741 2764 omnino
758 2710 790 2764 te
806 2705 959 2764 recitante
976 2703 1090 2785 placet.

381 2787 485 2849 bNolo
502 2790 577 2848 mihi
591 2807 689 2867 ponas
704 2788 851 2847 rhombos
865 2786 1031 2848 mullumve
1046 2786 1206 2863 bilibrem,

446 2871 511 2931 Nec
523 2870 592 2931 volo
609 2870 748 2948 boletos,
770 2876 875 2932 ostrea
892 2871 980 2936 nolo:
1002 2877 1079 2933 tace.

788 3005 895 3068 XLVI.

406 3114 512 3191 Exigis
527 3134 544 3172 a
559 3115 648 3173 uobis
665 3133 791 3193 operam
805 3116 873 3174 siue
893 3115 956 3174 due
972 3120 1115 3193 togatam.

446 3197 516 3256 Nou
531 3216 586 3274 eo,
606 3196 755 3258 libertum
771 3197 828 3258 sed
842 3200 900 3259 tibi
914 3200 1003 3257 mitto
1018 3216 1129 3259 meum.

404 3280 496 3358 „Non
514 3280 584 3340 est“
598 3281 703 3359 inquis
717 3281 855 3360 „idem.“
883 3279 984 3342 Multo
999 3280 1070 3361 plus
1084 3298 1154 3341 ease
1168 3280 1323 3361 probabo:

446 3365 507 3425 vix
521 3383 579 3442 ego
592 3363 738 3424 lecticam
756 3366 943 3443 subsequar,
966 3362 1023 3424 ille
1037 3364 1131 3425 feret.

382 3449 439 3508 alu
457 3450 579 3507 turbam
592 3447 758 3525 incideris,
781 3466 896 3508 cuneos
910 3449 1043 3508 umbone
1058 3445 1212 3527 repellet3

446 3530 614 3592 Invalidum
629 3538 679 3591 eat
692 3534 781 3591 nobis
794 3533 1022 3610 ingenuumque
1035 3528 1127 3593 latus.

406 3612 569 3690 Quidlibet
582 3616 615 3675 in
630 3634 720 3675 causa
733 3616 926 3694 narraveris,
947 3616 1015 3695 ipsc
1029 3616 1156 3676 tacebo:

447 3698 491 3758 At
504 3699 564 3757 tibi
577 3700 783 3777 tergeminum
797 3700 914 3777 mugiet
926 3696 981 3758 ille
1000 3698 1123 3780 sophos.
