3434 4575
411 458 452 521 98
727 471 761 517 n.
784 470 857 518 unu.
880 469 1067 517 wunnerus

411 609 520 671 Oceani
541 619 669 670 monstra
694 620 723 671 et
745 611 867 670 iuvenes
890 609 1000 669 vidisse
1021 610 1158 669 marinos.

409 693 474 754 Non
497 712 570 755 unns
593 703 705 754 mentes
726 696 817 771 agitat
843 693 941 753 furor:
961 692 1013 752 ille
1034 695 1145 752 sororis

410 775 441 839 ln
462 777 593 838 manibus
615 779 696 839 vultu
717 776 906 838 Eumenidum
928 784 1054 836 terretur
1076 785 1105 836 et
1127 778 1197 854 igni,

408 861 462 932 tlte
483 861 561 922 bove
584 879 728 941 percusso
746 864 859 940 mugire
882 860 1100 937 Agamemnona
1124 861 1218 922 credit

408 947 466 1007 Aut
488 945 632 1013 ltlracum;
655 946 758 1026 p'arcat
779 947 884 1006 tunicis
908 945 978 1005 licet
1001 953 1089 1024 atque
1113 945 1250 1022 lacernis,

409 1028 559 1111 curatoris
583 1039 669 1109 eget,
700 1033 748 1109 qui
775 1048 877 1089 navem
901 1028 1047 1089 mercibus
1070 1030 1172 1106 implet

407 1114 452 1175 dd
476 1133 619 1174 summum·
634 1114 709 1175 latus
732 1124 761 1175 et
783 1113 880 1174 tabula
900 1113 1085 1190 distinguitur
1107 1114 1193 1187 unda,

408 1198 501 1272 Quum
524 1200 562 1258 sit
584 1217 672 1260 causa
699 1199 766 1259 muli
788 1198 857 1258 tanti
881 1206 910 1257 et
933 1197 1104 1257 discriminis
1131 1196 1213 1257 lruius

408 1280 564 1343 Goncisum
587 1292 738 1361 argentum
759 1284 788 1341 in
809 1282 909 1342 titulos
936 1281 1089 1360 faciesque
1113 1283 1245 1341 minutas.

407 1366 571 1427 Occurrunt
592 1365 684 1427 nubes
707 1377 737 1426 et
759 1366 891 1444 fulgura:
925 1365 1039 1425 Solvite
1062 1365 1170 1441 funem,

405 1448 552 1510 Frumenti
575 1451 708 1511 dominus
732 1451 837 1511 clamat
859 1451 1009 1529 piperisve
1034 1451 1171 1528 coempti,

405 1532 453 1594 Nil
477 1534 562 1594 color
582 1536 630 1596 bic
652 1534 749 1610 coeli,
776 1535 817 1594 nil
842 1535 934 1595 fascia
956 1535 1038 1612 nigra
1064 1534 1201 1598 minatum

405 1617 557 1679 Aestirum
581 1627 670 1680 tonat.
695 1653 737 1664 -
768 1617 875 1679 Infelix
897 1618 952 1679 bac
975 1618 1096 1678 forsitan
1119 1618 1181 1696 ipsa

405 1700 501 1762 Nocte
524 1703 600 1764 cadit
622 1703 724 1764 fractis
747 1703 894 1777 trabibus,
916 1703 1064 1780 fluctuque
1087 1710 1236 1781 premetur

406 1783 533 1847 Obrutus
556 1796 586 1847 et
607 1805 709 1848 zonam
733 1787 818 1848 laeva
840 1804 997 1865 morsuque
1020 1786 1139 1846 tenebit.

406 1869 465 1930 Sed
488 1871 569 1931 cuius
593 1874 669 1932 votis
692 1873 778 1933 modo
803 1889 860 1931 non
882 1872 1040 1931 suffecerat
1062 1888 1172 1944 aurum,

405 1953 490 2027 Quod
513 1953 611 2034 Tagus
635 1966 664 2016 et
687 1956 772 2016 rutila
799 1956 892 2016 volvit
914 1954 1051 2015 Pactolus
1071 1971 1169 2028 arena,

404 2037 520 2116 Frigida
545 2041 692 2100 sufficient
714 2040 847 2100 velantes
868 2041 983 2116 inguina
1007 2040 1092 2117 panni

404 2120 595 2202 Exiguusque
622 2124 721 2197 cibus,
744 2142 839 2183 mersa
865 2132 928 2183 rate
951 2122 1108 2199 naufragus
1134 2138 1229 2180 assem

404 2205 477 2266 Dum
504 2217 590 2284 rogat
614 2218 642 2266 et
665 2210 741 2285 picta
765 2226 798 2266 se
822 2215 997 2286 tempestate
1020 2213 1125 2264 tuetur.

447 2289 546 2351 Tantis
570 2302 652 2371 parta
675 2292 758 2352 malis
783 2311 851 2352 cura
875 2293 985 2350 maiore
1009 2299 1146 2368 metuque

404 2375 571 2434 Servantur.
600 2374 706 2436 blisera
731 2377 892 2453 estmagni
913 2374 1045 2436 custodia
1067 2372 1189 2435 census!

403 2457 562 2537 Dispositis
585 2460 742 2538 praedives
764 2460 855 2520 hamis
878 2459 1002 2539 uigilare
1026 2458 1176 2519 cohortem

403 2543 561 2602 Servorum
584 2554 672 2605 noctu
695 2543 810 2605 Licinus
833 2543 929 2619 iubet,
953 2544 1089 2604 attonitus
1113 2560 1166 2621 pro

403 2624 525 2687 Electro
548 2629 698 2706 signisque
725 2631 785 2687 suis
807 2628 992 2707 Phrygiaque
1017 2627 1150 2688 columna

403 2708 501 2789 Atque
523 2710 615 2771 ebore
641 2722 671 2771 et
694 2712 751 2773 lata
774 2713 929 2773 testudine.
965 2710 1052 2772 Dolia
1078 2711 1145 2772 nudi

405 2792 468 2854 Non
491 2796 594 2857 ardent
617 2793 734 2872 Cynici;
760 2798 784 2855 si
806 2798 949 2875 fregeris,
973 2796 1066 2856 altera
1090 2796 1139 2855 liet

405 2876 476 2939 Cras
500 2879 618 2953 domus,
642 2890 730 2960 atque
750 2882 851 2942 eadem
872 2880 990 2959 plumbo
1007 2880 1160 2940 commissa
1178 2879 1315 2940 manebit.
1343 2893 1398 2947 310

403 2963 501 3023 Sensit
526 2964 710 3040 Alexander,
738 2975 813 3025 testa
835 2984 920 3045 quum
943 2964 1014 3024 vidit
1035 2966 1063 3023 in
1086 2963 1136 3024 illa

402 3045 536 3125 Magnum
560 3047 769 3123 habitatorem,
794 3059 901 3127 quanto
927 3047 1043 3107 felicior
1063 3047 1127 3123 hic,
1151 3049 1200 3126 qui

402 3128 450 3191 Nil
473 3141 611 3211 cuperet,
636 3151 720 3211 quam
746 3134 793 3212 qui
815 3143 906 3193 totum
929 3131 983 3190 sibi
1006 3141 1147 3210 posceret
1173 3131 1284 3206 orbem,

402 3215 545 3276 Passurus
568 3218 661 3294 gestis
683 3218 833 3296 aequanda
858 3215 990 3296 pericula
1012 3214 1109 3275 rebus.

402 3297 519 3360 Nullum
541 3319 644 3361 numen
668 3301 769 3377 abest,
796 3303 820 3360 si
844 3303 881 3360 sit
903 3300 1068 3378 prudentia:
1095 3310 1212 3375 noste,
1343 3311 1396 3365 315

402 3380 464 3441 Nos
489 3384 627 3460 facimus,
650 3384 794 3459 Fortuna,
819 3386 912 3448 deam.
948 3381 1083 3444 Mensura
1106 3394 1201 3444 tamen
1222 3403 1298 3464 quae

403 3466 535 3528 Sulliciat
558 3488 679 3545 census,
706 3470 731 3528 si
754 3472 818 3549 quis
840 3488 887 3529 me
914 3467 1064 3542 consulat,
1085 3468 1183 3529 edam:

402 3548 435 3609 ln
458 3562 592 3629 quantum
616 3555 679 3614 sitis
701 3563 789 3633 atque
814 3555 906 3614 fames
931 3560 961 3611 et
986 3552 1096 3629 frigora
1116 3562 1251 3630 poscunt,

404 3632 561 3712 Quantum,
582 3636 728 3717 Epicure,
752 3637 803 3698 tibi
826 3640 924 3717 parvis
947 3636 1062 3696 sulfecit
1084 3637 1111 3695 ln
1135 3636 1238 3713 lrortis,

404 3715 546 3788 Quantum
569 3721 714 3783 Socratici
739 3732 880 3802 ceperunt
902 3728 969 3785 ante
992 3729 1123 3799 penates.
1332 3731 1393 3784 oto
