3434 4575
584 458 924 521 EPIGRAMMATON
936 458 1010 519 LIB.
1030 458 1095 523 Vll.

359 622 393 674 15
402 610 467 671 Sed
481 608 574 690 plane
590 611 707 671 medias
724 617 812 671 vorat
825 607 953 689 puellas.

402 696 442 755 Di
458 700 593 754 mentem
606 697 664 755 tibi
679 694 755 754 dent
768 702 868 771 tuam,
891 693 1050 774 Philaeni,

404 779 545 838 Cunnum
562 777 684 857 lingere
701 797 779 858 qaae
792 785 882 858 putas
898 777 998 839 virile.

776 911 910 974 LXVlll.

404 1025 630 1088 Commendare
645 1044 744 1104 meas,
767 1026 896 1085 Instanti
910 1026 1007 1104 Rufe,
1030 1027 1179 1087 Camenas

445 1112 671 1189 Parceprecor
685 1128 811 1169 socero:
832 1111 919 1169 seria·
928 1110 1034 1169 forsan
1049 1117 1137 1173 amat.

405 1193 496 1271 Quod
510 1196 537 1254 si
551 1193 683 1253 lascivos
698 1192 832 1252 admittit
846 1200 880 1254 et
896 1192 952 1252 ille
966 1191 1110 1272 libellos,
1140 1267 1144 1277 Ι

445 1278 532 1338 Haec
547 1296 604 1356 ego
619 1274 670 1337 vel
686 1278 779 1337 Curio
794 1276 1001 1355 Fabricioque
1015 1277 1126 1357 legam.

787 1410 885 1472 Lxrx

403 1525 490 1583 llaec
505 1528 554 1582 est
570 1521 626 1582 illa
639 1524 696 1583 tibi
711 1524 863 1604 promissa
877 1519 1069 1603 Theophila,
1089 1523 1181 1600 (lani,

448 1606 542 1666 Gaias
559 1607 710 1686 Cecropia
722 1613 851 1686 pectora
864 1625 940 1666 voce
955 1604 1088 1667 madent.

404 1690 492 1749 Hanc
507 1691 566 1751 sibi
580 1691 648 1750 iare
659 1695 746 1769 petat
760 1691 862 1767 magni
877 1691 960 1748 senis
974 1690 1097 1749 Atticas
1111 1689 1236 1768 hortas,

446 1773 512 1833 Nec
526 1775 626 1833 minas
641 1792 710 1833 ease
730 1793 814 1833 suam
829 1773 934 1832 Stoica
948 1772 1038 1831 tarba
1052 1771 1136 1835 velit.

383 1858 500 1920 5Vivct
516 1877 592 1939 opas
608 1857 813 1936 qaodcunque
827 1874 886 1936 per
901 1857 957 1915 has
973 1856 1114 1915 emiseris
1129 1875 1238 1933 aarea;

448 1940 527 2000 Tam
540 1961 603 2000 non
617 1941 801 2017 femineam,
824 1958 883 1998 nec
897 1937 1049 2019 populare
1064 1940 1153 2018 sapit.

404 2023 473 2084 Non
487 2031 539 2084 tna
552 2024 718 2085 Pantaenis
731 2025 858 2084 nimium
872 2041 906 2082 se
919 2023 1077 2104 praeierat
1089 2022 1156 2103 illi,

446 2110 588 2184 Quamvis
601 2109 706 2169 Pierio
720 2110 763 2168 sit
776 2109 856 2168 bene
871 2112 944 2167 nota
959 2108 1063 2168 choro.

405 2191 549 2253 Carmina
561 2194 730 2271 fingentem
745 2192 869 2272 Sappho
883 2188 1019 2251 laudavit
1033 2192 1175 2253 amatrix:

362 2278 397 2331 10
446 2276 568 2338 Castior
582 2276 677 2357 haec,
697 2283 730 2338 ct
744 2297 806 2338 non
822 2276 944 2337 doctior
958 2273 1012 2336 illa
1027 2276 1094 2339 fuit.

798 2395 892 2460 Lxx.

404 2504 540 2584 Ipsarum
555 2505 710 2566 tribadum
724 2508 839 2585 tribas,
861 2505 1020 2588 Philaeni,

402 2587 518 2666 Recte,
542 2610 630 2668 qaam
645 2591 756 2669 fatuis,
777 2609 868 2651 vocas
883 2593 1016 2653 amicam.

789 2736 895 2800 Lxxl.

404 2850 515 2909 Ficosa
530 2855 579 2909 est
592 2868 685 2927 anor,
706 2852 818 2911 ficosus
834 2856 867 2911 et
880 2852 949 2934 ipsc
964 2851 1107 2930 maritus,

446 2933 527 2993 Filia
541 2934 635 2993 ficosa
651 2941 700 2995 eat
715 2942 747 2995 et
764 2941 967 3015 generatque
981 2953 1094 3016 nepos,

405 3016 470 3077 Nec
486 3015 681 3096 dispensator
696 3037 755 3079 nec
769 3018 879 3081 vilicus
894 3018 1000 3080 ulcere
1014 3020 1114 3100 turpi,

446 3099 512 3160 Nec
526 3101 643 3180 rigidas
659 3103 777 3183 fossor,
799 3104 856 3165 sed
870 3124 928 3165 nec
944 3110 1047 3164 arator
1061 3108 1142 3181 eget.

380 3184 484 3245 boam
499 3186 562 3245 sint
575 3187 663 3246 iicosi
677 3190 797 3269 pariter
812 3190 1002 3268 iuvenesque
1017 3203 1188 3267 senesque,

445 3269 508 3328 Res
524 3272 601 3329 mira
616 3276 680 3348 est,
701 3273 777 3333 ficos
790 3293 854 3332 non
867 3273 963 3332 babet
976 3289 1054 3330 unua
1069 3288 1151 3347 ager.

779 3402 900 3465 LXXII.
957 3425 970 3438 “

405 3513 520 3574 Gratus
535 3514 579 3572 sic
594 3514 668 3591 tibi,
689 3510 804 3592 Paule,
826 3515 868 3573 sit
882 3513 1072 3592 December,

401 3596 467 3656 Nec
482 3598 551 3656 vani
565 3595 707 3677 triplices
723 3599 896 3676 brevesque
912 3614 1056 3679 mappae,

401 3679 467 3741 Nec
484 3682 561 3741 tario
577 3683 699 3742 veniant
712 3678 798 3742 leves
815 3679 965 3762 selibrae,

1303 455 1364 523 lot
