<?xml version="1.0" encoding="UTF-8"?>
<!DOCTYPE html PUBLIC "-//W3C//DTD XHTML 1.0 Transitional//EN"
    "http://www.w3.org/TR/xhtml1/DTD/xhtml1-transitional.dtd">
<html xmlns="http://www.w3.org/1999/xhtml" xml:lang="en" lang="en">
 <head>
  <title>
</title>
<meta http-equiv="Content-Type" content="text/html;charset=utf-8" />
  <meta name='ocr-system' content='tesseract 3.04.00' />
  <meta name='ocr-capabilities' content='ocr_page ocr_carea ocr_par ocr_line ocrx_word'/>
</head>
<body>
  <div class='ocr_page' id='page_1' title='image "./satirarumlibriq00juvegoog_0349.png"; bbox 0 0 3434 4575; ppageno 0'>
   <div class='ocr_carea' id='block_1_1' title="bbox 586 493 1359 564">
    <p class='ocr_par' dir='ltr' id='par_1_1' title="bbox 586 493 1359 564">
     <span class='ocr_line' id='line_1_1' title="bbox 586 493 1359 564; baseline 0.017 -13"><span class='ocrx_word' id='word_1_1' title='bbox 586 493 924 554; x_wconf 78' lang='lat' dir='ltr'><strong>EPlGRAMMATON</strong></span> <span class='ocrx_word' id='word_1_2' title='bbox 939 495 1013 557; x_wconf 88' lang='lat' dir='ltr'><strong>LlB.</strong></span> <span class='ocrx_word' id='word_1_3' title='bbox 1028 496 1080 558; x_wconf 92' lang='lat' dir='ltr'><strong>Vl.</strong></span> <span class='ocrx_word' id='word_1_4' title='bbox 1295 500 1359 564; x_wconf 79' lang='lat'><strong>143</strong></span> 
     </span>
    </p>
   </div>
   <div class='ocr_carea' id='block_1_2' title="bbox 375 645 1357 1064">
    <p class='ocr_par' dir='ltr' id='par_1_2' title="bbox 396 645 1357 893">
     <span class='ocr_line' id='line_1_2' title="bbox 396 645 1357 788; baseline 0.009 -82"><span class='ocrx_word' id='word_1_5' title='bbox 396 646 481 726; x_wconf 86' lang='lat' dir='ltr'><strong>„Sed</strong></span> <span class='ocrx_word' id='word_1_6' title='bbox 493 654 596 706; x_wconf 90' lang='lat' dir='ltr'><strong>tamen</strong></span> <span class='ocrx_word' id='word_1_7' title='bbox 608 647 668 706; x_wconf 88' lang='lat' dir='ltr'><strong>hoc</strong></span> <span class='ocrx_word' id='word_1_8' title='bbox 679 645 804 788; x_wconf 82' lang='lat' dir='ltr'><strong>loqgum</strong></span> <span class='ocrx_word' id='word_1_9' title='bbox 816 647 896 707; x_wconf 87' lang='lat' dir='ltr'><strong>est.“</strong></span> <span class='ocrx_word' id='word_1_10' title='bbox 917 646 1005 707; x_wconf 88' lang='lat' dir='ltr'><strong>Solet</strong></span> <span class='ocrx_word' id='word_1_11' title='bbox 1016 649 1076 709; x_wconf 90' lang='lat' dir='ltr'><strong>hoc</strong></span> <span class='ocrx_word' id='word_1_12' title='bbox 1090 670 1223 731; x_wconf 88' lang='lat' dir='ltr'><strong>quoque,</strong></span> <span class='ocrx_word' id='word_1_13' title='bbox 1242 653 1357 734; x_wconf 83' lang='lat' dir='ltr'><strong>Tucca,</strong></span> 
     </span>
     <span class='ocr_line' id='line_1_3' title="bbox 440 736 1118 893; baseline 0.003 -20"><span class='ocrx_word' id='word_1_14' title='bbox 440 815 473 874; x_wconf 88' lang='lat' dir='ltr'><strong>Si</strong></span> <span class='ocrx_word' id='word_1_15' title='bbox 490 815 633 873; x_wconf 74' lang='lat' dir='ltr'><strong>breviora</strong></span> <span class='ocrx_word' id='word_1_16' title='bbox 647 736 932 892; x_wconf 58' lang='lat' dir='ltr'><strong>pmbqqtqpseticha</strong></span> <span class='ocrx_word' id='word_1_17' title='bbox 947 815 1012 875; x_wconf 91' lang='lat' dir='ltr'><strong>sola</strong></span> <span class='ocrx_word' id='word_1_18' title='bbox 1024 815 1118 893; x_wconf 89' lang='lat' dir='ltr'><strong>legas.</strong></span> 
     </span>
    </p>

    <p class='ocr_par' dir='ltr' id='par_1_3' title="bbox 375 898 1151 1064">
     <span class='ocr_line' id='line_1_4' title="bbox 375 898 1148 978; baseline 0.004 -21"><span class='ocrx_word' id='word_1_19' title='bbox 375 899 569 958; x_wconf 70' lang='lat' dir='ltr'><strong>ollonaeniat</strong></span> <span class='ocrx_word' id='word_1_20' title='bbox 582 899 692 974; x_wconf 90' lang='lat' dir='ltr'><strong>nobis,</strong></span> <span class='ocrx_word' id='word_1_21' title='bbox 714 903 749 956; x_wconf 93' lang='lat' dir='ltr'><strong>ut</strong></span> <span class='ocrx_word' id='word_1_22' title='bbox 762 899 809 957; x_wconf 89' lang='lat' dir='ltr'><strong>fas</strong></span> <span class='ocrx_word' id='word_1_23' title='bbox 824 899 1042 977; x_wconf 89' lang='lat' dir='ltr'><strong>epigrammata</strong></span> <span class='ocrx_word' id='word_1_24' title='bbox 1056 898 1148 978; x_wconf 85' lang='lat' dir='ltr'><strong>longa</strong></span> 
     </span>
     <span class='ocr_line' id='line_1_5' title="bbox 440 982 1151 1064; baseline 0.004 -23"><span class='ocrx_word' id='word_1_25' title='bbox 440 982 488 1041; x_wconf 88' lang='lat' dir='ltr'><strong>Sit</strong></span> <span class='ocrx_word' id='word_1_26' title='bbox 501 982 636 1041; x_wconf 88' lang='lat' dir='ltr'><strong>transire</strong></span> <span class='ocrx_word' id='word_1_27' title='bbox 650 982 726 1060; x_wconf 90' lang='lat' dir='ltr'><strong>tibi,</strong></span> <span class='ocrx_word' id='word_1_28' title='bbox 748 983 904 1061; x_wconf 85' lang='lat' dir='ltr'><strong>scrihere,</strong></span> <span class='ocrx_word' id='word_1_29' title='bbox 927 983 1047 1064; x_wconf 84' lang='lat' dir='ltr'><strong>Tucca,</strong></span> <span class='ocrx_word' id='word_1_30' title='bbox 1068 985 1151 1045; x_wconf 93' lang='lat' dir='ltr'><strong>mihi.</strong></span> 
     </span>
    </p>
   </div>
   <div class='ocr_carea' id='block_1_3' title="bbox 783 1115 890 1177">
    <p class='ocr_par' dir='ltr' id='par_1_4' title="bbox 783 1115 890 1177">
     <span class='ocr_line' id='line_1_6' title="bbox 783 1115 890 1177; baseline 0.019 -2"><span class='ocrx_word' id='word_1_31' title='bbox 783 1115 890 1177; x_wconf 77' lang='lat' dir='ltr'><strong>axvi.</strong></span> 
     </span>
    </p>
   </div>
   <div class='ocr_carea' id='block_1_4' title="bbox 372 1231 1035 1983">
    <p class='ocr_par' dir='ltr' id='par_1_5' title="bbox 372 1231 1035 1983">
     <span class='ocr_line' id='line_1_7' title="bbox 395 1231 1013 1312; baseline 0.002 -20"><span class='ocrx_word' id='word_1_32' title='bbox 395 1233 509 1294; x_wconf 87' lang='lat' dir='ltr'><strong>Famae</strong></span> <span class='ocrx_word' id='word_1_33' title='bbox 528 1253 590 1293; x_wconf 88' lang='lat' dir='ltr'><strong>non</strong></span> <span class='ocrx_word' id='word_1_34' title='bbox 604 1235 731 1293; x_wconf 92' lang='lat' dir='ltr'><strong>nimium</strong></span> <span class='ocrx_word' id='word_1_35' title='bbox 745 1234 845 1293; x_wconf 90' lang='lat' dir='ltr'><strong>bonae</strong></span> <span class='ocrx_word' id='word_1_36' title='bbox 861 1231 1013 1312; x_wconf 82' lang='lat' dir='ltr'>puellam,</span> 
     </span>
     <span class='ocr_line' id='line_1_8' title="bbox 397 1315 952 1394; baseline -0.004 -17"><span class='ocrx_word' id='word_1_37' title='bbox 397 1316 510 1393; x_wconf 82' lang='lat' dir='ltr'><strong>Quales</strong></span> <span class='ocrx_word' id='word_1_38' title='bbox 525 1319 557 1377; x_wconf 92' lang='lat' dir='ltr'><strong>in</strong></span> <span class='ocrx_word' id='word_1_39' title='bbox 572 1317 674 1376; x_wconf 89' lang='lat' dir='ltr'><strong>media</strong></span> <span class='ocrx_word' id='word_1_40' title='bbox 688 1315 800 1377; x_wconf 89' lang='lat' dir='ltr'><strong>sedent</strong></span> <span class='ocrx_word' id='word_1_41' title='bbox 815 1317 952 1394; x_wconf 88' lang='lat' dir='ltr'><strong>Subura,</strong></span> 
     </span>
     <span class='ocr_line' id='line_1_9' title="bbox 396 1398 982 1480; baseline -0.003 -18"><span class='ocrx_word' id='word_1_42' title='bbox 396 1401 561 1462; x_wconf 78' lang='lat' dir='ltr'><strong>Vendebat</strong></span> <span class='ocrx_word' id='word_1_43' title='bbox 577 1401 668 1461; x_wconf 95' lang='lat' dir='ltr'><strong>modo</strong></span> <span class='ocrx_word' id='word_1_44' title='bbox 683 1419 796 1480; x_wconf 87' lang='lat' dir='ltr'><strong>praeco</strong></span> <span class='ocrx_word' id='word_1_45' title='bbox 813 1398 982 1462; x_wconf 82' lang='lat' dir='ltr'><strong>Gellianus.</strong></span> 
     </span>
     <span class='ocr_line' id='line_1_10' title="bbox 396 1483 925 1565; baseline 0.002 -22"><span class='ocrx_word' id='word_1_46' title='bbox 396 1484 494 1545; x_wconf 83' lang='lat' dir='ltr'><strong>Parvo</strong></span> <span class='ocrx_word' id='word_1_47' title='bbox 510 1505 578 1545; x_wconf 90' lang='lat' dir='ltr'><strong>cum</strong></span> <span class='ocrx_word' id='word_1_48' title='bbox 591 1486 694 1565; x_wconf 94' lang='lat' dir='ltr'><strong>pretio</strong></span> <span class='ocrx_word' id='word_1_49' title='bbox 710 1484 762 1544; x_wconf 92' lang='lat' dir='ltr'><strong>diu</strong></span> <span class='ocrx_word' id='word_1_50' title='bbox 775 1483 925 1563; x_wconf 77' lang='lat' dir='ltr'><strong>licerent,</strong></span> 
     </span>
     <span class='ocr_line' id='line_1_11' title="bbox 372 1568 1035 1649; baseline -0.003 -18"><span class='ocrx_word' id='word_1_51' title='bbox 372 1568 474 1631; x_wconf 73' lang='lat' dir='ltr'><strong>allum</strong></span> <span class='ocrx_word' id='word_1_52' title='bbox 489 1590 597 1649; x_wconf 93' lang='lat' dir='ltr'><strong>puram</strong></span> <span class='ocrx_word' id='word_1_53' title='bbox 612 1571 697 1649; x_wconf 89' lang='lat' dir='ltr'><strong>cupit</strong></span> <span class='ocrx_word' id='word_1_54' title='bbox 712 1570 885 1648; x_wconf 88' lang='lat' dir='ltr'><strong>approbare</strong></span> <span class='ocrx_word' id='word_1_55' title='bbox 900 1569 1035 1647; x_wconf 76' lang='lat' dir='ltr'><strong>cunctis,</strong></span> 
     </span>
     <span class='ocr_line' id='line_1_12' title="bbox 395 1653 977 1733; baseline 0.002 -22"><span class='ocrx_word' id='word_1_56' title='bbox 395 1653 533 1713; x_wconf 81' lang='lat' dir='ltr'><strong>Attraxit</strong></span> <span class='ocrx_word' id='word_1_57' title='bbox 546 1672 645 1733; x_wconf 85' lang='lat' dir='ltr'>prope</span> <span class='ocrx_word' id='word_1_58' title='bbox 660 1672 694 1712; x_wconf 88' lang='lat' dir='ltr'><strong>sc</strong></span> <span class='ocrx_word' id='word_1_59' title='bbox 708 1672 798 1712; x_wconf 90' lang='lat' dir='ltr'><strong>manu</strong></span> <span class='ocrx_word' id='word_1_60' title='bbox 812 1657 977 1731; x_wconf 82' lang='lat' dir='ltr'><strong>negantem</strong></span> 
     </span>
     <span class='ocr_line' id='line_1_13' title="bbox 394 1737 964 1816; baseline 0.002 -20"><span class='ocrx_word' id='word_1_61' title='bbox 394 1737 437 1796; x_wconf 87' lang='lat' dir='ltr'><strong>Et</strong></span> <span class='ocrx_word' id='word_1_62' title='bbox 450 1738 497 1796; x_wconf 86' lang='lat' dir='ltr'><strong>bis</strong></span> <span class='ocrx_word' id='word_1_63' title='bbox 515 1743 627 1816; x_wconf 90' lang='lat' dir='ltr'><strong>terqnc</strong></span> <span class='ocrx_word' id='word_1_64' title='bbox 642 1743 813 1816; x_wconf 78' lang='lat' dir='ltr'><strong>quaterque</strong></span> <span class='ocrx_word' id='word_1_65' title='bbox 827 1737 964 1797; x_wconf 85' lang='lat' dir='ltr'><strong>basiavit.</strong></span> 
     </span>
     <span class='ocr_line' id='line_1_14' title="bbox 397 1819 977 1899; baseline -0.003 -20"><span class='ocrx_word' id='word_1_66' title='bbox 397 1819 477 1896; x_wconf 81' lang='lat' dir='ltr'><strong>Quid</strong></span> <span class='ocrx_word' id='word_1_67' title='bbox 491 1821 664 1899; x_wconf 85' lang='lat' dir='ltr'><strong>profecerit</strong></span> <span class='ocrx_word' id='word_1_68' title='bbox 676 1819 799 1896; x_wconf 92' lang='lat' dir='ltr'><strong>osculo,</strong></span> <span class='ocrx_word' id='word_1_69' title='bbox 820 1819 977 1898; x_wconf 77' lang='lat' dir='ltr'><strong>requiris?</strong></span> 
     </span>
     <span class='ocr_line' id='line_1_15' title="bbox 398 1901 1016 1983; baseline 0.003 -21"><span class='ocrx_word' id='word_1_70' title='bbox 398 1903 564 1965; x_wconf 83' lang='lat' dir='ltr'><strong>Sescentos</strong></span> <span class='ocrx_word' id='word_1_71' title='bbox 579 1903 670 1964; x_wconf 93' lang='lat' dir='ltr'><strong>modo</strong></span> <span class='ocrx_word' id='word_1_72' title='bbox 686 1905 738 1983; x_wconf 95' lang='lat' dir='ltr'><strong>qui</strong></span> <span class='ocrx_word' id='word_1_73' title='bbox 754 1901 861 1981; x_wconf 90' lang='lat' dir='ltr'><strong>dabat,</strong></span> <span class='ocrx_word' id='word_1_74' title='bbox 882 1903 1016 1981; x_wconf 76' lang='lat' dir='ltr'><strong>negarit.</strong></span> 
     </span>
    </p>
   </div>
   <div class='ocr_carea' id='block_1_5' title="bbox 772 2037 892 2099">
    <p class='ocr_par' dir='ltr' id='par_1_6' title="bbox 772 2037 892 2099">
     <span class='ocr_line' id='line_1_16' title="bbox 772 2037 892 2099; baseline 0.008 -2"><span class='ocrx_word' id='word_1_75' title='bbox 772 2037 892 2099; x_wconf 85' lang='lat' dir='ltr'><strong>LXVll.</strong></span> 
     </span>
    </p>
   </div>
   <div class='ocr_carea' id='block_1_6' title="bbox 397 2114 1274 2315">
    <p class='ocr_par' dir='ltr' id='par_1_7' title="bbox 397 2114 1274 2315">
     <span class='ocr_line' id='line_1_17' title="bbox 397 2114 1255 2227; baseline -0.005 -16"><span class='ocrx_word' id='word_1_76' title='bbox 397 2114 461 2211; x_wconf 83' lang='lat' dir='ltr'><strong>Gur</strong></span> <span class='ocrx_word' id='word_1_77' title='bbox 475 2157 593 2210; x_wconf 89' lang='lat' dir='ltr'><strong>tantum</strong></span> <span class='ocrx_word' id='word_1_78' title='bbox 605 2152 761 2210; x_wconf 88' lang='lat' dir='ltr'><strong>eunuchos</strong></span> <span class='ocrx_word' id='word_1_79' title='bbox 776 2151 890 2209; x_wconf 91' lang='lat' dir='ltr'><strong>habeat</strong></span> <span class='ocrx_word' id='word_1_80' title='bbox 905 2154 956 2208; x_wconf 92' lang='lat' dir='ltr'><strong>tua</strong></span> <span class='ocrx_word' id='word_1_81' title='bbox 972 2145 1092 2224; x_wconf 83' lang='lat' dir='ltr'><strong>Caelia,</strong></span> <span class='ocrx_word' id='word_1_82' title='bbox 1117 2147 1255 2227; x_wconf 89' lang='lat' dir='ltr'><strong>quaeris,</strong></span> 
     </span>
     <span class='ocr_line' id='line_1_18' title="bbox 440 2231 1274 2315; baseline -0.006 -21"><span class='ocrx_word' id='word_1_83' title='bbox 440 2234 629 2315; x_wconf 75' lang='lat' dir='ltr'><strong>Pannyche?</strong></span> <span class='ocrx_word' id='word_1_84' title='bbox 650 2232 716 2295; x_wconf 78' lang='lat' dir='ltr'><strong>rult</strong></span> <span class='ocrx_word' id='word_1_85' title='bbox 731 2234 811 2295; x_wconf 87' lang='lat' dir='ltr'><strong>futui</strong></span> <span class='ocrx_word' id='word_1_86' title='bbox 828 2231 951 2312; x_wconf 80' lang='lat' dir='ltr'><strong>Caelia,</strong></span> <span class='ocrx_word' id='word_1_87' title='bbox 973 2249 1032 2292; x_wconf 85' lang='lat' dir='ltr'><strong>nec</strong></span> <span class='ocrx_word' id='word_1_88' title='bbox 1045 2248 1167 2314; x_wconf 89' lang='lat' dir='ltr'><strong>parere.</strong></span> <span class='ocrx_word' id='word_1_89' title='bbox 1272 2249 1274 2254; x_wconf 91' lang='lat'>·</span> 
     </span>
    </p>
   </div>
   <div class='ocr_carea' id='block_1_7' title="bbox 766 2369 900 2432">
    <p class='ocr_par' dir='ltr' id='par_1_8' title="bbox 766 2369 900 2432">
     <span class='ocr_line' id='line_1_19' title="bbox 766 2369 900 2432; baseline 0.037 -5"><span class='ocrx_word' id='word_1_90' title='bbox 766 2369 900 2432; x_wconf 85' lang='lat' dir='ltr'><strong>LXVlll.</strong></span> 
     </span>
    </p>
   </div>
   <div class='ocr_carea' id='block_1_8' title="bbox 351 2479 1353 3482">
    <p class='ocr_par' dir='ltr' id='par_1_9' title="bbox 394 2479 1175 2643">
     <span class='ocr_line' id='line_1_20' title="bbox 394 2479 1175 2557; baseline -0.004 -17"><span class='ocrx_word' id='word_1_91' title='bbox 394 2480 486 2540; x_wconf 83' lang='lat' dir='ltr'><strong>Flete</strong></span> <span class='ocrx_word' id='word_1_92' title='bbox 501 2480 588 2539; x_wconf 83' lang='lat' dir='ltr'><strong>nefas</strong></span> <span class='ocrx_word' id='word_1_93' title='bbox 605 2487 758 2553; x_wconf 83' lang='lat' dir='ltr'><strong>restrum,</strong></span> <span class='ocrx_word' id='word_1_94' title='bbox 780 2479 837 2539; x_wconf 81' lang='lat' dir='ltr'><strong>sed</strong></span> <span class='ocrx_word' id='word_1_95' title='bbox 851 2487 918 2540; x_wconf 93' lang='lat' dir='ltr'><strong>toto</strong></span> <span class='ocrx_word' id='word_1_96' title='bbox 933 2481 1009 2540; x_wconf 88' lang='lat' dir='ltr'><strong>flete</strong></span> <span class='ocrx_word' id='word_1_97' title='bbox 1022 2479 1175 2557; x_wconf 88' lang='lat' dir='ltr'><strong>Lucrino,</strong></span> 
     </span>
     <span class='ocr_line' id='line_1_21' title="bbox 439 2562 1087 2643; baseline 0.002 -21"><span class='ocrx_word' id='word_1_98' title='bbox 439 2562 569 2641; x_wconf 80' lang='lat' dir='ltr'><strong>Naides,</strong></span> <span class='ocrx_word' id='word_1_99' title='bbox 592 2571 624 2623; x_wconf 93' lang='lat' dir='ltr'><strong>et</strong></span> <span class='ocrx_word' id='word_1_100' title='bbox 637 2562 739 2623; x_wconf 88' lang='lat' dir='ltr'><strong>luctus</strong></span> <span class='ocrx_word' id='word_1_101' title='bbox 756 2564 871 2623; x_wconf 87' lang='lat' dir='ltr'><strong>sentiat</strong></span> <span class='ocrx_word' id='word_1_102' title='bbox 883 2565 949 2643; x_wconf 90' lang='lat' dir='ltr'><strong>ipsa</strong></span> <span class='ocrx_word' id='word_1_103' title='bbox 965 2564 1087 2623; x_wconf 80' lang='lat' dir='ltr'><strong>Thetis.</strong></span> 
     </span>
    </p>

    <p class='ocr_par' dir='ltr' id='par_1_10' title="bbox 396 2645 1203 2811">
     <span class='ocr_line' id='line_1_22' title="bbox 396 2645 1083 2727; baseline -0.004 -19"><span class='ocrx_word' id='word_1_104' title='bbox 396 2648 482 2708; x_wconf 91' lang='lat' dir='ltr'><strong>inter</strong></span> <span class='ocrx_word' id='word_1_105' title='bbox 496 2650 624 2707; x_wconf 89' lang='lat' dir='ltr'><strong>Baianas</strong></span> <span class='ocrx_word' id='word_1_106' title='bbox 639 2654 745 2727; x_wconf 91' lang='lat' dir='ltr'><strong>raptus</strong></span> <span class='ocrx_word' id='word_1_107' title='bbox 762 2666 842 2726; x_wconf 93' lang='lat' dir='ltr'><strong>puer</strong></span> <span class='ocrx_word' id='word_1_108' title='bbox 856 2645 972 2707; x_wconf 90' lang='lat' dir='ltr'><strong>occidit</strong></span> <span class='ocrx_word' id='word_1_109' title='bbox 985 2645 1083 2706; x_wconf 81' lang='lat' dir='ltr'><strong>undas</strong></span> 
     </span>
     <span class='ocr_line' id='line_1_23' title="bbox 437 2728 1203 2811; baseline -0.005 -18"><span class='ocrx_word' id='word_1_110' title='bbox 437 2732 596 2811; x_wconf 83' lang='lat' dir='ltr'><strong>Eutychus</strong></span> <span class='ocrx_word' id='word_1_111' title='bbox 610 2730 683 2808; x_wconf 89' lang='lat' dir='ltr'><strong>ille,</strong></span> <span class='ocrx_word' id='word_1_112' title='bbox 704 2738 808 2809; x_wconf 87' lang='lat' dir='ltr'><strong>tuum,</strong></span> <span class='ocrx_word' id='word_1_113' title='bbox 831 2731 988 2809; x_wconf 78' lang='lat' dir='ltr'><strong>castrice,</strong></span> <span class='ocrx_word' id='word_1_114' title='bbox 1008 2728 1099 2789; x_wconf 90' lang='lat' dir='ltr'><strong>dulce</strong></span> <span class='ocrx_word' id='word_1_115' title='bbox 1114 2728 1203 2789; x_wconf 91' lang='lat' dir='ltr'><strong>latus.</strong></span> 
     </span>
    </p>

    <p class='ocr_par' dir='ltr' id='par_1_11' title="bbox 375 2811 1200 2979">
     <span class='ocr_line' id='line_1_24' title="bbox 375 2811 1200 2893; baseline -0.005 -17"><span class='ocrx_word' id='word_1_116' title='bbox 375 2816 457 2876; x_wconf 79' lang='lat' dir='ltr'><strong>offic</strong></span> <span class='ocrx_word' id='word_1_117' title='bbox 472 2818 530 2876; x_wconf 89' lang='lat' dir='ltr'><strong>tibi</strong></span> <span class='ocrx_word' id='word_1_118' title='bbox 545 2836 687 2876; x_wconf 92' lang='lat' dir='ltr'><strong>curarum</strong></span> <span class='ocrx_word' id='word_1_119' title='bbox 702 2817 803 2875; x_wconf 89' lang='lat' dir='ltr'><strong>socius</strong></span> <span class='ocrx_word' id='word_1_120' title='bbox 818 2812 1027 2893; x_wconf 90' lang='lat' dir='ltr'><strong>blandumque</strong></span> <span class='ocrx_word' id='word_1_121' title='bbox 1041 2811 1200 2890; x_wconf 79' lang='lat' dir='ltr'><strong>leuamen,</strong></span> 
     </span>
     <span class='ocr_line' id='line_1_25' title="bbox 438 2898 1101 2979; baseline 0.003 -21"><span class='ocrx_word' id='word_1_122' title='bbox 438 2900 497 2960; x_wconf 91' lang='lat' dir='ltr'><strong>Hic</strong></span> <span class='ocrx_word' id='word_1_123' title='bbox 512 2920 613 2979; x_wconf 90' lang='lat' dir='ltr'><strong>amor,</strong></span> <span class='ocrx_word' id='word_1_124' title='bbox 631 2901 683 2960; x_wconf 89' lang='lat' dir='ltr'><strong>hic</strong></span> <span class='ocrx_word' id='word_1_125' title='bbox 697 2900 797 2959; x_wconf 80' lang='lat' dir='ltr'><strong>nostri</strong></span> <span class='ocrx_word' id='word_1_126' title='bbox 812 2900 889 2970; x_wconf 79' lang='lat' dir='ltr'><strong>ratis</strong></span> <span class='ocrx_word' id='word_1_127' title='bbox 903 2898 1010 2959; x_wconf 84' lang='lat' dir='ltr'><strong>Alexis</strong></span> <span class='ocrx_word' id='word_1_128' title='bbox 1025 2904 1101 2963; x_wconf 83' lang='lat' dir='ltr'><strong>erat.</strong></span> 
     </span>
    </p>

    <p class='ocr_par' dir='ltr' id='par_1_12' title="bbox 394 2982 1150 3148">
     <span class='ocr_line' id='line_1_26' title="bbox 394 2982 1150 3063; baseline -0.003 -20"><span class='ocrx_word' id='word_1_129' title='bbox 394 2983 549 3063; x_wconf 86' lang='lat' dir='ltr'><strong>Numquid</strong></span> <span class='ocrx_word' id='word_1_130' title='bbox 563 2992 596 3044; x_wconf 90' lang='lat' dir='ltr'><strong>te</strong></span> <span class='ocrx_word' id='word_1_131' title='bbox 610 2986 718 3045; x_wconf 78' lang='lat' dir='ltr'><strong>vitreis</strong></span> <span class='ocrx_word' id='word_1_132' title='bbox 732 2982 846 3043; x_wconf 93' lang='lat' dir='ltr'><strong>nudum</strong></span> <span class='ocrx_word' id='word_1_133' title='bbox 861 2983 973 3044; x_wconf 87' lang='lat' dir='ltr'><strong>lasciva</strong></span> <span class='ocrx_word' id='word_1_134' title='bbox 988 2984 1043 3043; x_wconf 92' lang='lat' dir='ltr'><strong>sub</strong></span> <span class='ocrx_word' id='word_1_135' title='bbox 1060 2982 1150 3042; x_wconf 90' lang='lat' dir='ltr'><strong>undis</strong></span> 
     </span>
     <span class='ocr_line' id='line_1_27' title="bbox 439 3065 1141 3148; baseline -0.004 -19"><span class='ocrx_word' id='word_1_136' title='bbox 439 3068 526 3129; x_wconf 90' lang='lat' dir='ltr'><strong>Vidit</strong></span> <span class='ocrx_word' id='word_1_137' title='bbox 540 3076 573 3129; x_wconf 91' lang='lat' dir='ltr'><strong>et</strong></span> <span class='ocrx_word' id='word_1_138' title='bbox 589 3068 719 3129; x_wconf 81' lang='lat' dir='ltr'><strong>Alcidae</strong></span> <span class='ocrx_word' id='word_1_139' title='bbox 733 3070 867 3148; x_wconf 84' lang='lat' dir='ltr'><strong>nympha</strong></span> <span class='ocrx_word' id='word_1_140' title='bbox 881 3069 1003 3128; x_wconf 85' lang='lat' dir='ltr'><strong>remisit</strong></span> <span class='ocrx_word' id='word_1_141' title='bbox 1016 3065 1141 3148; x_wconf 70' lang='lat' dir='ltr'><strong>Hylan?</strong></span> 
     </span>
    </p>

    <p class='ocr_par' dir='ltr' id='par_1_13' title="bbox 395 3149 1225 3234">
     <span class='ocr_line' id='line_1_28' title="bbox 395 3149 1225 3234; baseline -0.002 -23"><span class='ocrx_word' id='word_1_142' title='bbox 395 3152 444 3211; x_wconf 81' lang='lat' dir='ltr'><strong>An</strong></span> <span class='ocrx_word' id='word_1_143' title='bbox 460 3151 517 3212; x_wconf 89' lang='lat' dir='ltr'><strong>dea</strong></span> <span class='ocrx_word' id='word_1_144' title='bbox 531 3154 698 3213; x_wconf 85' lang='lat' dir='ltr'><strong>femineum</strong></span> <span class='ocrx_word' id='word_1_145' title='bbox 712 3154 772 3212; x_wconf 90' lang='lat' dir='ltr'><strong>iam</strong></span> <span class='ocrx_word' id='word_1_146' title='bbox 786 3153 917 3233; x_wconf 82' lang='lat' dir='ltr'><strong>negligit</strong></span> <span class='ocrx_word' id='word_1_147' title='bbox 930 3149 1225 3234; x_wconf 86' lang='lat' dir='ltr'><strong>Hermaphroditum</strong></span> 
     </span>
    </p>

    <p class='ocr_par' dir='ltr' id='par_1_14' title="bbox 351 3235 986 3316">
     <span class='ocr_line' id='line_1_29' title="bbox 351 3235 986 3316; baseline -0.002 -19"><span class='ocrx_word' id='word_1_148' title='bbox 351 3246 388 3297; x_wconf 90' lang='lat'><strong>10</strong></span> <span class='ocrx_word' id='word_1_149' title='bbox 437 3236 589 3316; x_wconf 85' lang='lat' dir='ltr'><strong>Amplexu</strong></span> <span class='ocrx_word' id='word_1_150' title='bbox 603 3239 706 3299; x_wconf 90' lang='lat' dir='ltr'><strong>teneri</strong></span> <span class='ocrx_word' id='word_1_151' title='bbox 723 3235 891 3298; x_wconf 87' lang='lat' dir='ltr'><strong>sollicitata</strong></span> <span class='ocrx_word' id='word_1_152' title='bbox 904 3237 986 3297; x_wconf 81' lang='lat' dir='ltr'><strong>riri‘l</strong></span> 
     </span>
    </p>

    <p class='ocr_par' dir='ltr' id='par_1_15' title="bbox 395 3318 1353 3399">
     <span class='ocr_line' id='line_1_30' title="bbox 395 3318 1353 3399; baseline -0.004 -20"><span class='ocrx_word' id='word_1_153' title='bbox 395 3320 554 3399; x_wconf 82' lang='lat' dir='ltr'><strong>Quidquid</strong></span> <span class='ocrx_word' id='word_1_154' title='bbox 567 3319 600 3380; x_wconf 92' lang='lat' dir='ltr'><strong>id</strong></span> <span class='ocrx_word' id='word_1_155' title='bbox 615 3328 677 3399; x_wconf 92' lang='lat' dir='ltr'><strong>est,</strong></span> <span class='ocrx_word' id='word_1_156' title='bbox 699 3322 819 3380; x_wconf 87' lang='lat' dir='ltr'><strong>subitae</strong></span> <span class='ocrx_word' id='word_1_157' title='bbox 835 3338 1036 3399; x_wconf 89' lang='lat' dir='ltr'><strong>quaecunque</strong></span> <span class='ocrx_word' id='word_1_158' title='bbox 1050 3324 1099 3379; x_wconf 92' lang='lat' dir='ltr'><strong>est</strong></span> <span class='ocrx_word' id='word_1_159' title='bbox 1113 3336 1202 3377; x_wconf 90' lang='lat' dir='ltr'><strong>causa</strong></span> <span class='ocrx_word' id='word_1_160' title='bbox 1215 3318 1353 3397; x_wconf 87' lang='lat' dir='ltr'><strong>rapinae,</strong></span> 
     </span>
    </p>

    <p class='ocr_par' dir='ltr' id='par_1_16' title="bbox 436 3401 1143 3482">
     <span class='ocr_line' id='line_1_31' title="bbox 436 3401 1143 3482; baseline 0 -20"><span class='ocrx_word' id='word_1_161' title='bbox 436 3403 502 3481; x_wconf 88' lang='lat' dir='ltr'><strong>Sit,</strong></span> <span class='ocrx_word' id='word_1_162' title='bbox 523 3422 652 3482; x_wconf 86' lang='lat' dir='ltr'><strong>precor,</strong></span> <span class='ocrx_word' id='word_1_163' title='bbox 674 3410 707 3463; x_wconf 93' lang='lat' dir='ltr'><strong>et</strong></span> <span class='ocrx_word' id='word_1_164' title='bbox 724 3401 820 3463; x_wconf 83' lang='lat' dir='ltr'><strong>tellus</strong></span> <span class='ocrx_word' id='word_1_165' title='bbox 833 3405 918 3464; x_wconf 89' lang='lat' dir='ltr'><strong>mitis</strong></span> <span class='ocrx_word' id='word_1_166' title='bbox 933 3409 965 3463; x_wconf 89' lang='lat' dir='ltr'><strong>et</strong></span> <span class='ocrx_word' id='word_1_167' title='bbox 980 3402 1062 3463; x_wconf 92' lang='lat' dir='ltr'><strong>unda</strong></span> <span class='ocrx_word' id='word_1_168' title='bbox 1076 3403 1143 3462; x_wconf 92' lang='lat' dir='ltr'><strong>tibi.</strong></span> 
     </span>
    </p>
   </div>
   <div class='ocr_carea' id='block_1_9' title="bbox 776 3535 882 3596">
    <p class='ocr_par' dir='ltr' id='par_1_17' title="bbox 776 3535 882 3596">
     <span class='ocr_line' id='line_1_32' title="bbox 776 3535 882 3596; baseline -0.009 -2"><span class='ocrx_word' id='word_1_169' title='bbox 776 3535 882 3596; x_wconf 85' lang='lat' dir='ltr'><strong>LXlX.</strong></span> 
     </span>
    </p>
   </div>
   <div class='ocr_carea' id='block_1_10' title="bbox 394 3631 1267 3816">
    <p class='ocr_par' dir='ltr' id='par_1_18' title="bbox 394 3631 1267 3816">
     <span class='ocr_line' id='line_1_33' title="bbox 394 3631 1267 3728; baseline -0.002 -19"><span class='ocrx_word' id='word_1_170' title='bbox 394 3647 463 3709; x_wconf 74' lang='lat' dir='ltr'><strong>tion</strong></span> <span class='ocrx_word' id='word_1_171' title='bbox 478 3649 591 3726; x_wconf 91' lang='lat' dir='ltr'><strong>miror,</strong></span> <span class='ocrx_word' id='word_1_172' title='bbox 614 3647 696 3727; x_wconf 92' lang='lat' dir='ltr'><strong>quod</strong></span> <span class='ocrx_word' id='word_1_173' title='bbox 711 3655 799 3728; x_wconf 92' lang='lat' dir='ltr'><strong>potat</strong></span> <span class='ocrx_word' id='word_1_174' title='bbox 813 3668 920 3728; x_wconf 87' lang='lat' dir='ltr'><strong>aquam</strong></span> <span class='ocrx_word' id='word_1_175' title='bbox 932 3655 984 3709; x_wconf 89' lang='lat' dir='ltr'><strong>tua</strong></span> <span class='ocrx_word' id='word_1_176' title='bbox 998 3631 1110 3728; x_wconf 83' lang='lat' dir='ltr'><strong>Bassa,</strong></span> <span class='ocrx_word' id='word_1_177' title='bbox 1129 3646 1267 3710; x_wconf 76' lang='lat' dir='ltr'><strong>catullo:</strong></span> 
     </span>
     <span class='ocr_line' id='line_1_34' title="bbox 437 3731 1070 3816; baseline 0.002 -25"><span class='ocrx_word' id='word_1_178' title='bbox 437 3731 555 3811; x_wconf 90' lang='lat' dir='ltr'><strong>Miror,</strong></span> <span class='ocrx_word' id='word_1_179' title='bbox 578 3732 661 3810; x_wconf 89' lang='lat' dir='ltr'><strong>quod</strong></span> <span class='ocrx_word' id='word_1_180' title='bbox 673 3734 761 3793; x_wconf 86' lang='lat' dir='ltr'><strong>Bassi</strong></span> <span class='ocrx_word' id='word_1_181' title='bbox 775 3732 838 3794; x_wconf 88' lang='lat' dir='ltr'><strong>iilia</strong></span> <span class='ocrx_word' id='word_1_182' title='bbox 853 3739 941 3816; x_wconf 90' lang='lat' dir='ltr'><strong>potat</strong></span> <span class='ocrx_word' id='word_1_183' title='bbox 956 3753 1070 3813; x_wconf 89' lang='lat' dir='ltr'><strong>aquam.</strong></span> 
     </span>
    </p>
   </div>
   <div class='ocr_carea' id='block_1_11' title="bbox 0 0 1722 4575">
    <p class='ocr_par' dir='ltr' id='par_1_19' title="bbox 0 0 1722 4575">
     <span class='ocr_line' id='line_1_35' title="bbox 0 0 1722 4575; baseline 0 0"><span class='ocrx_word' id='word_1_184' title='bbox 0 0 1722 4575; x_wconf 95' lang='lat' dir='ltr'><strong> </strong></span> 
     </span>
    </p>
   </div>
  </div>
 </body>
</html>
