3434 4575
347 402 411 513 240
671 450 714 510 Μ.
729 448 821 511 VAL.
839 448 1067 510 MARTIALIS

472 601 616 680 Haedus,
637 601 795 661 inhumani
809 606 915 681 raptus
931 603 967 660 ab
984 620 1039 661 ore
1055 600 1143 682 lupi,

391 688 470 749 naht
486 705 564 765 qnae
579 704 640 744 non
656 693 767 764 egeant
782 686 868 745 ferro
884 687 1047 745 structoris
1064 685 1202 768 ofellae,

475 771 516 829 Et
531 770 601 829 faba
616 769 775 828 fabrorum
788 769 1019 848 prototomique
1034 769 1140 831 rudes.

430 851 538 914 Pullus
553 852 683 912 adhaec
699 853 846 931 cenisque
861 853 959 912 trihus
974 854 1033 913 iam
1048 872 1148 933 perna
1163 865 1335 939 superstes

472 936 631 1011 Addetur3
653 937 764 996 saturis
780 937 867 996 mitia
880 956 969 1015 poma
985 935 1080 1013 dabo,

430 1022 476 1081 De
489 1025 680 1085 Nomentana
694 1022 795 1080 vinum
809 1022 877 1079 sinc
892 1020 979 1079 faece
995 1018 1124 1099 lagona,

387 1115 422 1169 20
470 1105 554 1182 Quae
570 1105 616 1164 bis
629 1103 780 1164 Frontino
799 1101 926 1163 consule
940 1105 1038 1183 prima
1051 1104 1121 1166 fuit.

302 1216 311 1235 ·
431 1188 593 1249 Accedunt
607 1191 674 1247 sine
689 1186 765 1247 felle
783 1188 844 1248 ioci
859 1207 918 1247 nec
933 1207 1021 1247 mane
1037 1186 1177 1248 timenda

472 1273 615 1342 Libertas
631 1279 664 1331 et
677 1269 722 1330 nil
736 1270 819 1350 quod
833 1273 966 1331 tacuisse
984 1270 1071 1332 velis.

431 1357 477 1416 De
492 1358 618 1436 prasino
634 1356 759 1414 conviva
773 1373 858 1414 mena
872 1360 1046 1434 venetoque
1059 1353 1231 1434 loquatur,

472 1441 537 1500 Ncc
552 1440 670 1500 faciunt
686 1458 868 1517 quemqnam
884 1438 993 1519 pocula
1009 1446 1118 1500 nostra
1131 1457 1235 1502 reum.

815 1572 922 1634 XLIX.

431 1686 508 1746 (lum
523 1688 613 1763 potes
628 1685 851 1762 amethystinos
865 1685 996 1744 trientes

429 1771 472 1829 Et
484 1769 574 1847 nigro
589 1766 712 1827 madeas
727 1767 905 1848 Opimiano,

430 1854 581 1931 Propinas
594 1850 685 1911 modo
703 1851 860 1912 conditum
876 1851 1021 1911 Sabinum

429 1937 471 1998 ut
485 1936 562 1996 (licis
579 1936 670 2013 mihi,
692 1936 784 1996 ilotta
797 1935 876 2013 „Vis
889 1936 922 1994 in
938 1934 1058 1994 ιιιιιιιῗιι

407 2022 599 2100 5Quisquam
615 2016 760 2100 plumbea
773 2020 843 2078 vina
855 2016 922 2078 volt
934 2019 968 2077 in
983 2015 1084 2078 auro?

848 2151 883 2212 L.

429 2270 565 2347 Frangat
577 2265 733 2327 idumaeas
748 2265 847 2324 tristis
861 2265 1001 2328 Victoria
1013 2263 1148 2347 palmas,

472 2352 606 2428 Plange,
627 2351 744 2425 Fauor,
766 2366 855 2408 saeva
869 2357 996 2428 pectora
1010 2349 1092 2409 nuda
1110 2370 1213 2412 manu.

429 2435 534 2496 Mutet
548 2434 657 2493 Honor
673 2430 773 2492 cultus
788 2438 821 2491 et
834 2433 950 2512 iniquis
964 2452 1096 2493 munera
1106 2435 1242 2495 flammis

471 2519 566 2579 Mitte
582 2521 760 2594 coronatas,
783 2515 891 2593 Gloria
906 2522 1035 2594 maesta,
1060 2537 1172 2579 comas.

405 2602 499 2663 allen
514 2600 647 2661 facinus!
668 2601 768 2680 prima
780 2600 957 2677 fraudatus,
979 2601 1114 2681 Scorpe,
1134 2604 1265 2664 iuventa

472 2685 596 2746 Occidis
610 2691 643 2745 et
657 2686 762 2763 nigros
778 2691 840 2744 tam
855 2686 917 2744 cito
932 2685 1033 2763 iungis
1050 2704 1156 2764 equos.

430 2771 580 2831 Curribus
593 2767 648 2829 illa
662 2770 723 2829 tuis
737 2787 862 2848 semper
874 2780 1040 2849 properata
1055 2771 1225 2850 breviaque

472 2855 535 2914 Cur
549 2855 609 2913 fnit
624 2859 657 2912 et
670 2854 751 2913 vitae
765 2859 826 2913 tarn
841 2871 940 2933 prope
953 2860 1036 2913 meta
1049 2854 1144 2915 tuae?

839 2985 887 3046 Ll.

433 3099 543 3159 Sidera
558 3101 618 3160 iam
635 3100 749 3184 Tyrius
763 3102 890 3161 Phrixei
905 3102 1034 3182 respicit
1048 3101 1117 3179 agni

474 3183 594 3244 Taurus
610 3190 642 3244 et
657 3184 809 3244 alternum
824 3186 954 3246 Castora
970 3185 1049 3263 fugit
1062 3184 1181 3257 hiems;

428 3268 524 3329 Ridet
538 3287 627 3347 ager,
649 3270 779 3329 vestitur
796 3270 922 3346 humus,
944 3270 1074 3329 vestitur
1089 3275 1123 3327 et
1137 3269 1252 3347 arbor,

471 3353 628 3413 Ismarium
641 3351 747 3434 pellex
761 3354 866 3413 Attica
879 3352 981 3432 plorat
994 3354 1071 3431 ltyn.

404 3438 527 3515 hilaros,
548 3437 711 3515 Faustine‚
734 3435 816 3515 dics,
839 3435 946 3515 quales
960 3438 1018 3496 tibi
1031 3436 1127 3496 Roma
1139 3434 1311 3499 Ravennae

470 3520 623 3582 Abstulit!
645 3519 779 3598 osolcs,
802 3522 971 3580 otunicata
988 3520 1091 3600 quies!
1160 3573 1169 3586 ,

429 3605 594 3683 onerans,
615 3625 633 3665 o
648 3607 751 3666 lontes
766 3602 959 3683 solidumque
973 3604 1125 3665 madentis
1139 3604 1282 3668 harenae

469 3689 557 3750 Litus
573 3697 606 3750 et
619 3690 782 3770 aequoreis
799 3688 980 3769 splendidus
995 3691 1100 3750 Anxur
1113 3691 1219 3769 aquis,
