3434 4575
737 471 862 519 sarton
885 472 935 520 111.

336 611 484 686 Porticus,
508 610 645 668 insomnis
670 608 773 686 quibus
796 617 827 666 et
849 608 970 668 detonsa
994 610 1127 669 iuventus

336 693 487 772 Invigilat,
515 692 628 770 siliquis
655 701 683 750 et
708 692 809 768 grandi
831 700 912 769 pasta
935 692 1067 771 polenta;

336 777 373 839 Et
395 777 447 837 tibi
468 795 543 856 quae
567 776 679 835 Samios
706 775 824 835 deduxit
846 776 942 834 littera
968 793 1063 835 ramos

337 864 510 939 Surgentem
533 861 637 920 dextro
661 860 830 919 monstravit
853 858 944 918 limite
969 860 1082 920 callem.

337 946 441 1007 Stertis
464 943 575 1019 adhuc,
597 942 752 1021 laxumque
776 951 862 1021 capnt
886 961 1027 1022 compage
1051 945 1145 1005 soluta
1218 979 1222 987 .

338 1028 449 1089 Oscitat
471 1027 654 1103 hesternum,
680 1027 797 1085 dissutis
820 1026 944 1105 undique
970 1027 1067 1087 malis!

337 1112 390 1172 Est
416 1112 524 1190 aliquid
550 1128 607 1190 quo
634 1109 744 1184 tendis,
768 1120 797 1169 et
818 1112 845 1168 in
868 1128 925 1188 quo
949 1112 1049 1187 dirigis
1073 1109 1192 1172 arcum?

339 1198 383 1257 lln
405 1199 513 1274 passim
535 1195 670 1273 sequeris
693 1211 800 1253 corvos
822 1203 956 1273 testaque
979 1195 1109 1273 lutoque,

338 1283 466 1342 Securus
489 1295 546 1357 quo
568 1296 623 1355 pes
646 1278 735 1351 ferat,
761 1286 847 1356 atque
872 1296 909 1336 ex
931 1287 1062 1356 tempore
1084 1276 1178 1339 vivis?

337 1364 527 1425 Helleborum
548 1363 672 1436 frustraq
697 1379 781 1439 quum
805 1363 859 1420 iam
886 1363 959 1421 cutis
982 1381 1071 1440 aegra
1093 1364 1222 1440 tumebit,

338 1450 500 1509 Poscentes
523 1447 640 1506 videas:
669 1448 795 1505 venienti
818 1447 962 1505 occurrite
984 1447 1101 1507 morbo!

338 1533 375 1593 Et
398 1531 465 1609 quid
489 1548 563 1608 opus
589 1527 710 1589 Cratero
733 1546 854 1606 magnos
878 1532 1046 1608 promittere
1069 1529 1203 1590 montes?

338 1617 468 1690 Discite,
495 1632 512 1673 ο
536 1615 650 1688 miseri,
676 1623 705 1672 et
728 1631 831 1673 causas
854 1614 1023 1691 cognoscite
1048 1633 1158 1674 rernm:

339 1700 414 1775 Quid
439 1717 550 1773 sumus,
578 1708 608 1757 et
631 1698 765 1775 quidnam
789 1699 891 1756 victuri
913 1699 1068 1774 gignimur;
1092 1698 1163 1757 ordo

340 1785 410 1859 Quis
433 1784 531 1857 datus,
555 1792 602 1841 aut
624 1790 719 1839 metae
743 1798 828 1859 quam
849 1780 946 1839 mollis
968 1780 1059 1840 llexns
1083 1791 1111 1840 et
1131 1782 1222 1848 uude;

341 1868 411 1942 Quis
430 1867 533 1926 modus
556 1874 694 1942 argento,
719 1864 786 1941 quid
808 1864 853 1922 las
876 1873 996 1942 optare,
1020 1866 1086 1943 quid
1109 1883 1196 1943 asper

342 1951 417 2010 Utile
439 1968 567 2008 nummus
593 1948 694 2016 babet;
720 1948 830 2026 patriae
855 1949 989 2025 carisque
1012 1949 1183 2027 propinquis

341 2036 482 2109 Quantum
505 2032 624 2110 elargiri
649 2032 768 2099 deceat;
792 2049 878 2110 quem
900 2040 928 2090 te
952 2031 1023 2091 deus
1051 2050 1118 2091 esse

341 2119 443 2193 lussit,
473 2127 502 2175 et
523 2117 644 2176 bumana
668 2134 723 2194 qua
747 2124 829 2193 porte
852 2115 965 2174 locotus
989 2134 1021 2174 es
1043 2117 1071 2174 in
1092 2134 1138 2182 re:

340 2202 447 2276 Disce,
472 2219 526 2259 nec
548 2201 694 2275 invideas,
718 2200 796 2279 quod
818 2199 905 2259 multa
928 2199 1024 2259 tidelia
1050 2209 1130 2278 putet

340 2286 372 2346 ln
394 2284 542 2363 locuplete
568 2304 659 2364 penu,
683 2284 811 2345 delensis
836 2283 991 2362 pinguibus
1012 2283 1139 2360 Umbris,

341 2370 378 2430 Et
404 2371 489 2448 piper
511 2378 541 2428 et
565 2386 687 2447 pernae,
711 2368 798 2429 llarsi
818 2377 1000 2428 monumenta
1022 2367 1145 2445 clientis,

340 2453 484 2531 blenaque
507 2454 583 2531 quod
611 2454 699 2530 prima
723 2453 846 2512 nondum
869 2452 1012 2512 defecerit
1036 2470 1114 2512 orca.

384 2536 438 2596 llic
460 2538 564 2613 aliquis
588 2536 624 2595 de
649 2545 736 2613 gente
759 2536 876 2596 hircosa
896 2537 1092 2595 centurionum

342 2621 440 2680 Dicat:
467 2619 551 2693 Quod
575 2622 644 2678 satis
667 2629 712 2678 est
733 2621 816 2697 sapio
837 2620 919 2687 mibi;
938 2637 995 2678 non
1019 2637 1076 2697 ego
1099 2638 1169 2680 curo

342 2704 418 2764 Esse
442 2704 518 2782 quod
541 2702 691 2763 Arcesilas
714 2705 936 2783 aerumnosique
959 2702 1095 2779 Solones,

342 2787 466 2865 Obstipo
491 2789 585 2865 capite
608 2797 636 2845 et
658 2788 781 2864 figentes
804 2786 910 2845 lumine
933 2797 1049 2863 terram,

344 2871 486 2932 Murmura
512 2889 597 2949 quum
619 2890 718 2931 secum
741 2880 770 2930 et
791 2871 908 2930 rabiosa
929 2870 1042 2930 silentia
1068 2871 1173 2931 rodunt

346 2956 439 3033 Atque
465 2964 641 3033 exporrecto
665 2956 834 3014 trutinantur
856 2954 945 3013 verba
970 2954 1088 3029 labello,

343 3039 466 3115 Aegroti
489 3040 598 3098 veteris
620 3039 791 3099 meditantes
815 3039 940 3113 somnia,
963 3040 1050 3118 pigui

343 3121 390 3182 Dc
409 3123 501 3184 nibilo
520 3123 661 3197 nibilum,
683 3126 716 3183 in
735 3124 862 3183 nibilum
882 3124 925 3183 nil
940 3139 1031 3200 posce
1053 3124 1175 3183 reuerti.

343 3205 406 3265 Hoc
421 3215 482 3282 est,
496 3205 572 3284 quod
584 3204 700 3284 palles?
716 3226 766 3267 cur
779 3209 842 3285 quis
857 3223 914 3265 non
927 3207 1081 3283 prandeat,
1095 3206 1151 3265 boc
1164 3203 1278 3265 estl-
1288 3214 1324 3269 85

342 3288 393 3348 His
417 3290 541 3368 populus
563 3291 654 3366 ridet,
677 3291 851 3369 multumque
875 3300 974 3349 torosa
996 3291 1127 3349 iuventus

343 3372 502 3449 lngemInat
522 3375 661 3434 tremulos
683 3391 754 3434 naso
779 3375 925 3451 crispante
948 3373 1113 3432 cachinnos.
1136 3405 1179 3419 —-

342 3455 467 3535 inspice
474 3480 489 3528 ,·
509 3460 612 3519 bercto
635 3460 710 3536 qnid
730 3459 869 3535 trepidat
889 3458 962 3517 mibi
979 3464 1088 3534 pectus
1109 3463 1137 3516 et
1158 3457 1262 3533 aegris

343 3538 499 3603 Faucibus
519 3552 687 3619 exsuperat
705 3544 814 3622 pronis
835 3542 965 3610 baldum
986 3541 1121 3617 inspice,
1144 3540 1253 3601 sodes!

343 3623 399 3698 Qui
421 3624 490 3685 dicit
510 3626 641 3702 medico,
666 3628 759 3685 iussus
781 3627 988 3703 requiescere,
1011 3630 1163 3700 postquam
1290 3632 1325 3687 oo

343 3707 441 3767 Tertia
464 3710 640 3787 compositas
665 3710 733 3770 vidit
756 3726 814 3768 nox
836 3725 954 3769 currere
977 3723 1078 3777 venas,
