<?xml version="1.0" encoding="UTF-8"?>
<!DOCTYPE html PUBLIC "-//W3C//DTD XHTML 1.0 Transitional//EN"
    "http://www.w3.org/TR/xhtml1/DTD/xhtml1-transitional.dtd">
<html xmlns="http://www.w3.org/1999/xhtml" xml:lang="en" lang="en">
 <head>
  <title>
</title>
<meta http-equiv="Content-Type" content="text/html;charset=utf-8" />
  <meta name='ocr-system' content='tesseract 3.04.00' />
  <meta name='ocr-capabilities' content='ocr_page ocr_carea ocr_par ocr_line ocrx_word'/>
</head>
<body>
  <div class='ocr_page' id='page_1' title='image "./satirarumlibriq00juvegoog_0532.png"; bbox 0 0 3434 4575; ppageno 0'>
   <div class='ocr_carea' id='block_1_1' title="bbox 377 433 1095 500">
    <p class='ocr_par' dir='ltr' id='par_1_1' title="bbox 377 433 1095 500">
     <span class='ocr_line' id='line_1_1' title="bbox 377 433 1095 500; baseline -0.007 0"><span class='ocrx_word' id='word_1_1' title='bbox 377 434 441 500; x_wconf 74' lang='grc'>330</span> <span class='ocrx_word' id='word_1_2' title='bbox 700 436 745 497; x_wconf 91' lang='grc' dir='ltr'>Μ.</span> <span class='ocrx_word' id='word_1_3' title='bbox 762 435 852 497; x_wconf 85' lang='lat' dir='ltr'>VAL.</span> <span class='ocrx_word' id='word_1_4' title='bbox 869 433 1095 497; x_wconf 76' lang='lat' dir='ltr'>MARTlALlS</span> 
     </span>
    </p>
   </div>
   <div class='ocr_carea' id='block_1_2' title="bbox 724 636 1076 701">
    <p class='ocr_par' dir='ltr' id='par_1_2' title="bbox 724 636 1076 701">
     <span class='ocr_line' id='line_1_2' title="bbox 724 636 1076 701; baseline 0.003 -3"><span class='ocrx_word' id='word_1_5' title='bbox 724 638 890 701; x_wconf 85' lang='lat' dir='ltr'>LXXXIV.</span> <span class='ocrx_word' id='word_1_6' title='bbox 913 636 1076 699; x_wconf 77' lang='lat' dir='ltr'><strong><em>Manuale.</em></strong></span> 
     </span>
    </p>
   </div>
   <div class='ocr_carea' id='block_1_3' title="bbox 462 734 1214 901">
    <p class='ocr_par' dir='ltr' id='par_1_3' title="bbox 462 734 1214 901">
     <span class='ocr_line' id='line_1_3' title="bbox 462 734 1214 817; baseline -0.003 -17"><span class='ocrx_word' id='word_1_7' title='bbox 462 740 491 800; x_wconf 83' lang='lat' dir='ltr'>N</span> <span class='ocrx_word' id='word_1_8' title='bbox 493 758 510 799; x_wconf 86' lang='lat' dir='ltr'>e</span> <span class='ocrx_word' id='word_1_9' title='bbox 525 744 597 817; x_wconf 77' lang='lat' dir='ltr'>toga</span> <span class='ocrx_word' id='word_1_10' title='bbox 611 738 756 798; x_wconf 73' lang='lat' dir='ltr'>barbatos</span> <span class='ocrx_word' id='word_1_11' title='bbox 770 738 864 798; x_wconf 76' lang='lat' dir='ltr'>faeiat</span> <span class='ocrx_word' id='word_1_12' title='bbox 878 736 927 797; x_wconf 84' lang='lat' dir='ltr'>vel</span> <span class='ocrx_word' id='word_1_13' title='bbox 941 735 1072 816; x_wconf 76' lang='lat' dir='ltr'>paenula</span> <span class='ocrx_word' id='word_1_14' title='bbox 1085 734 1214 815; x_wconf 79' lang='lat' dir='ltr'>libros,</span> 
     </span>
     <span class='ocr_line' id='line_1_4' title="bbox 504 820 1209 901; baseline 0 -18"><span class='ocrx_word' id='word_1_15' title='bbox 504 823 591 883; x_wconf 86' lang='lat' dir='ltr'>Haec</span> <span class='ocrx_word' id='word_1_16' title='bbox 608 823 693 883; x_wconf 75' lang='lat' dir='ltr'>abies</span> <span class='ocrx_word' id='word_1_17' title='bbox 709 823 825 881; x_wconf 82' lang='lat' dir='ltr'>chortis</span> <span class='ocrx_word' id='word_1_18' title='bbox 840 827 981 901; x_wconf 86' lang='lat' dir='ltr'>temporo</span> <span class='ocrx_word' id='word_1_19' title='bbox 995 820 1088 897; x_wconf 78' lang='lat' dir='ltr'>longo</span> <span class='ocrx_word' id='word_1_20' title='bbox 1102 820 1209 883; x_wconf 81' lang='lat' dir='ltr'>dabit.</span> 
     </span>
    </p>
   </div>
   <div class='ocr_carea' id='block_1_4' title="bbox 657 955 1146 1034">
    <p class='ocr_par' dir='ltr' id='par_1_4' title="bbox 657 955 1146 1034">
     <span class='ocr_line' id='line_1_5' title="bbox 657 955 1146 1034; baseline -0.002 -17"><span class='ocrx_word' id='word_1_21' title='bbox 657 955 807 1018; x_wconf 86' lang='lat' dir='ltr'>LXXXV.</span> <span class='ocrx_word' id='word_1_22' title='bbox 827 956 945 1017; x_wconf 69' lang='lat' dir='ltr'>lectus</span> <span class='ocrx_word' id='word_1_23' title='bbox 958 956 1146 1034; x_wconf 79' lang='lat' dir='ltr'>pavoninus.</span> 
     </span>
    </p>
   </div>
   <div class='ocr_carea' id='block_1_5' title="bbox 461 1051 1279 1216">
    <p class='ocr_par' dir='ltr' id='par_1_5' title="bbox 461 1051 1279 1216">
     <span class='ocr_line' id='line_1_6' title="bbox 461 1051 1279 1133; baseline 0 -18"><span class='ocrx_word' id='word_1_24' title='bbox 461 1054 591 1115; x_wconf 77' lang='lat' dir='ltr'>Nomina</span> <span class='ocrx_word' id='word_1_25' title='bbox 606 1051 659 1113; x_wconf 82' lang='lat' dir='ltr'>dot</span> <span class='ocrx_word' id='word_1_26' title='bbox 672 1052 808 1133; x_wconf 76' lang='lat' dir='ltr'>spondae</span> <span class='ocrx_word' id='word_1_27' title='bbox 823 1055 915 1133; x_wconf 90' lang='lat' dir='ltr'>pictis</span> <span class='ocrx_word' id='word_1_28' title='bbox 929 1052 1142 1132; x_wconf 82' lang='lat' dir='ltr'>pulcherrima</span> <span class='ocrx_word' id='word_1_29' title='bbox 1160 1055 1279 1133; x_wconf 78' lang='lat' dir='ltr'>pinnis</span> 
     </span>
     <span class='ocr_line' id='line_1_7' title="bbox 503 1136 1224 1216; baseline 0.001 -18"><span class='ocrx_word' id='word_1_30' title='bbox 503 1139 591 1199; x_wconf 87' lang='lat' dir='ltr'>Nunc</span> <span class='ocrx_word' id='word_1_31' title='bbox 606 1138 729 1198; x_wconf 88' lang='lat' dir='ltr'>Iunonis</span> <span class='ocrx_word' id='word_1_32' title='bbox 744 1139 823 1215; x_wconf 79' lang='lat' dir='ltr'>avis,</span> <span class='ocrx_word' id='word_1_33' title='bbox 846 1136 903 1197; x_wconf 85' lang='lat' dir='ltr'>sed</span> <span class='ocrx_word' id='word_1_34' title='bbox 916 1138 1002 1216; x_wconf 91' lang='lat' dir='ltr'>prius</span> <span class='ocrx_word' id='word_1_35' title='bbox 1018 1138 1119 1215; x_wconf 82' lang='lat' dir='ltr'>Argus</span> <span class='ocrx_word' id='word_1_36' title='bbox 1138 1144 1224 1199; x_wconf 76' lang='lat' dir='ltr'>erut.</span> 
     </span>
    </p>
   </div>
   <div class='ocr_carea' id='block_1_6' title="bbox 706 1269 1090 1351">
    <p class='ocr_par' dir='ltr' id='par_1_6' title="bbox 706 1269 1090 1351">
     <span class='ocr_line' id='line_1_8' title="bbox 706 1269 1090 1351; baseline -0.003 -20"><span class='ocrx_word' id='word_1_37' title='bbox 706 1271 871 1335; x_wconf 89' lang='lat' dir='ltr'>LXXXVI.</span> <span class='ocrx_word' id='word_1_38' title='bbox 892 1269 1090 1351; x_wconf 76' lang='lat' dir='ltr'>Ephippium.</span> 
     </span>
    </p>
   </div>
   <div class='ocr_carea' id='block_1_7' title="bbox 464 1367 1155 1530">
    <p class='ocr_par' dir='ltr' id='par_1_7' title="bbox 464 1367 1155 1530">
     <span class='ocr_line' id='line_1_9' title="bbox 464 1367 1154 1451; baseline -0.003 -22"><span class='ocrx_word' id='word_1_39' title='bbox 464 1368 607 1448; x_wconf 77' lang='lat' dir='ltr'><strong>Stragula</strong></span> <span class='ocrx_word' id='word_1_40' title='bbox 624 1370 773 1429; x_wconf 80' lang='lat' dir='ltr'>succincti</span> <span class='ocrx_word' id='word_1_41' title='bbox 788 1374 917 1428; x_wconf 77' lang='lat' dir='ltr'>venator</span> <span class='ocrx_word' id='word_1_42' title='bbox 933 1386 1018 1427; x_wconf 86' lang='lat' dir='ltr'>sume</span> <span class='ocrx_word' id='word_1_43' title='bbox 1033 1367 1154 1451; x_wconf 67' lang='lat' dir='ltr'>ceredi.</span> 
     </span>
     <span class='ocr_line' id='line_1_10' title="bbox 506 1451 1155 1530; baseline -0.003 -17"><span class='ocrx_word' id='word_1_44' title='bbox 506 1455 582 1513; x_wconf 82' lang='lat' dir='ltr'>Nom</span> <span class='ocrx_word' id='word_1_45' title='bbox 599 1454 680 1513; x_wconf 86' lang='lat' dir='ltr'>solet</span> <span class='ocrx_word' id='word_1_46' title='bbox 694 1451 807 1512; x_wconf 79' lang='lat' dir='ltr'>cnudo</span> <span class='ocrx_word' id='word_1_47' title='bbox 826 1470 955 1529; x_wconf 81' lang='lat' dir='ltr'>surgere</span> <span class='ocrx_word' id='word_1_48' title='bbox 971 1452 1047 1511; x_wconf 88' lang='lat' dir='ltr'>ficus</span> <span class='ocrx_word' id='word_1_49' title='bbox 1061 1469 1155 1530; x_wconf 86' lang='lat' dir='ltr'>equo.</span> 
     </span>
    </p>
   </div>
   <div class='ocr_carea' id='block_1_8' title="bbox 717 1585 1070 1649">
    <p class='ocr_par' dir='ltr' id='par_1_8' title="bbox 717 1585 1070 1649">
     <span class='ocr_line' id='line_1_11' title="bbox 717 1585 1070 1649; baseline -0.011 -3"><span class='ocrx_word' id='word_1_50' title='bbox 717 1586 895 1649; x_wconf 90' lang='lat' dir='ltr'>LXXXVII.</span> <span class='ocrx_word' id='word_1_51' title='bbox 919 1585 1070 1647; x_wconf 79' lang='lat' dir='ltr'>Stibodr‘o.</span> 
     </span>
    </p>
   </div>
   <div class='ocr_carea' id='block_1_9' title="bbox 463 1681 1195 1848">
    <p class='ocr_par' dir='ltr' id='par_1_9' title="bbox 463 1681 1195 1848">
     <span class='ocr_line' id='line_1_12' title="bbox 463 1681 1161 1764; baseline -0.003 -19"><span class='ocrx_word' id='word_1_52' title='bbox 463 1685 580 1764; x_wconf 85' lang='lat' dir='ltr'>Accipe</span> <span class='ocrx_word' id='word_1_53' title='bbox 594 1682 698 1743; x_wconf 83' lang='lat' dir='ltr'>Iuncto</span> <span class='ocrx_word' id='word_1_54' title='bbox 711 1685 859 1763; x_wconf 86' lang='lat' dir='ltr'>scriptum</span> <span class='ocrx_word' id='word_1_55' title='bbox 874 1681 1032 1742; x_wconf 80' lang='lat' dir='ltr'>testudine</span> <span class='ocrx_word' id='word_1_56' title='bbox 1046 1684 1161 1761; x_wconf 79' lang='lat' dir='ltr'>sigmo3</span> 
     </span>
     <span class='ocr_line' id='line_1_13' title="bbox 507 1768 1195 1848; baseline 0.007 -21"><span class='ocrx_word' id='word_1_57' title='bbox 507 1768 584 1829; x_wconf 85' lang='lat' dir='ltr'>Octo</span> <span class='ocrx_word' id='word_1_58' title='bbox 601 1770 697 1848; x_wconf 82' lang='lat' dir='ltr'>capit3</span> <span class='ocrx_word' id='word_1_59' title='bbox 718 1769 822 1827; x_wconf 80' lang='lat' dir='ltr'>veniet</span> <span class='ocrx_word' id='word_1_60' title='bbox 836 1768 975 1846; x_wconf 84' lang='lat' dir='ltr'>quisquis</span> <span class='ocrx_word' id='word_1_61' title='bbox 991 1768 1103 1826; x_wconf 79' lang='lat' dir='ltr'>amicus</span> <span class='ocrx_word' id='word_1_62' title='bbox 1118 1770 1195 1833; x_wconf 86' lang='lat' dir='ltr'>erit.</span> 
     </span>
    </p>
   </div>
   <div class='ocr_carea' id='block_1_10' title="bbox 679 1901 1125 1964">
    <p class='ocr_par' dir='ltr' id='par_1_10' title="bbox 679 1901 1125 1964">
     <span class='ocr_line' id='line_1_14' title="bbox 679 1901 1125 1964; baseline -0.009 -2"><span class='ocrx_word' id='word_1_63' title='bbox 679 1902 874 1964; x_wconf 88' lang='lat' dir='ltr'>LXXXVIII.</span> <span class='ocrx_word' id='word_1_64' title='bbox 899 1901 1125 1961; x_wconf 76' lang='lat' dir='ltr'>Gustatorium.</span> 
     </span>
    </p>
   </div>
   <div class='ocr_carea' id='block_1_11' title="bbox 462 1998 1229 2166">
    <p class='ocr_par' dir='ltr' id='par_1_11' title="bbox 462 1998 1229 2166">
     <span class='ocr_line' id='line_1_15' title="bbox 462 1998 1195 2079; baseline -0.004 -15"><span class='ocrx_word' id='word_1_65' title='bbox 462 2005 640 2065; x_wconf 79' lang='lat' dir='ltr'>Femineam</span> <span class='ocrx_word' id='word_1_66' title='bbox 655 2003 745 2061; x_wconf 80' lang='lat' dir='ltr'>nobis</span> <span class='ocrx_word' id='word_1_67' title='bbox 761 2002 894 2061; x_wconf 84' lang='lat' dir='ltr'>cherson</span> <span class='ocrx_word' id='word_1_68' title='bbox 910 2001 936 2059; x_wconf 91' lang='lat' dir='ltr'>si</span> <span class='ocrx_word' id='word_1_69' title='bbox 950 1998 1052 2059; x_wconf 89' lang='lat' dir='ltr'>credis</span> <span class='ocrx_word' id='word_1_70' title='bbox 1067 2000 1195 2079; x_wconf 85' lang='lat' dir='ltr'>inesse,</span> 
     </span>
     <span class='ocr_line' id='line_1_16' title="bbox 505 2080 1229 2166; baseline -0.001 -19"><span class='ocrx_word' id='word_1_71' title='bbox 505 2087 683 2166; x_wconf 88' lang='lat' dir='ltr'>Deciperis:</span> <span class='ocrx_word' id='word_1_72' title='bbox 705 2083 808 2164; x_wconf 80' lang='lat' dir='ltr'>pelagi</span> <span class='ocrx_word' id='word_1_73' title='bbox 825 2080 960 2143; x_wconf 82' lang='lat' dir='ltr'>masculo</span> <span class='ocrx_word' id='word_1_74' title='bbox 974 2081 1089 2163; x_wconf 82' lang='lat' dir='ltr'>praedo</span> <span class='ocrx_word' id='word_1_75' title='bbox 1104 2103 1229 2146; x_wconf 85' lang='lat' dir='ltr'>sumus.</span> 
     </span>
    </p>
   </div>
   <div class='ocr_carea' id='block_1_12' title="bbox 696 2218 1113 2279">
    <p class='ocr_par' dir='ltr' id='par_1_12' title="bbox 696 2218 1113 2279">
     <span class='ocr_line' id='line_1_17' title="bbox 696 2218 1113 2279; baseline -0.007 -1"><span class='ocrx_word' id='word_1_76' title='bbox 696 2218 859 2279; x_wconf 87' lang='lat' dir='ltr'>LXXXIX.</span> <span class='ocrx_word' id='word_1_77' title='bbox 883 2218 994 2278; x_wconf 79' lang='lat' dir='ltr'>Mensa</span> <span class='ocrx_word' id='word_1_78' title='bbox 1006 2218 1113 2279; x_wconf 82' lang='lat' dir='ltr'>citrea.</span> 
     </span>
    </p>
   </div>
   <div class='ocr_carea' id='block_1_13' title="bbox 462 2314 1189 2479">
    <p class='ocr_par' dir='ltr' id='par_1_13' title="bbox 462 2314 1189 2479">
     <span class='ocr_line' id='line_1_18' title="bbox 462 2314 1189 2396; baseline 0 -18"><span class='ocrx_word' id='word_1_79' title='bbox 462 2319 578 2396; x_wconf 86' lang='lat' dir='ltr'>Accipe</span> <span class='ocrx_word' id='word_1_80' title='bbox 593 2315 721 2394; x_wconf 78' lang='lat' dir='ltr'>felices,</span> <span class='ocrx_word' id='word_1_81' title='bbox 742 2317 898 2377; x_wconf 78' lang='lat' dir='ltr'>Atlantica</span> <span class='ocrx_word' id='word_1_82' title='bbox 913 2337 1053 2394; x_wconf 85' lang='lat' dir='ltr'>munero,</span> <span class='ocrx_word' id='word_1_83' title='bbox 1074 2314 1189 2378; x_wconf 80' lang='lat' dir='ltr'>silvas:</span> 
     </span>
     <span class='ocr_line' id='line_1_19' title="bbox 505 2397 1181 2479; baseline 0.007 -19"><span class='ocrx_word' id='word_1_84' title='bbox 505 2403 608 2460; x_wconf 80' lang='lat' dir='ltr'>Aureo</span> <span class='ocrx_word' id='word_1_85' title='bbox 626 2401 679 2479; x_wconf 91' lang='lat' dir='ltr'>qui</span> <span class='ocrx_word' id='word_1_86' title='bbox 693 2400 817 2461; x_wconf 87' lang='lat' dir='ltr'>dederit</span> <span class='ocrx_word' id='word_1_87' title='bbox 831 2401 927 2479; x_wconf 71' lang='lat' dir='ltr'>donc,</span> <span class='ocrx_word' id='word_1_88' title='bbox 948 2403 1066 2461; x_wconf 80' lang='lat' dir='ltr'>minore</span> <span class='ocrx_word' id='word_1_89' title='bbox 1082 2397 1181 2465; x_wconf 78' lang='lat' dir='ltr'>dabit.</span> 
     </span>
    </p>
   </div>
   <div class='ocr_carea' id='block_1_14' title="bbox 730 2531 1111 2596">
    <p class='ocr_par' dir='ltr' id='par_1_14' title="bbox 730 2531 1111 2596">
     <span class='ocr_line' id='line_1_20' title="bbox 730 2531 1111 2596; baseline -0.003 0"><span class='ocrx_word' id='word_1_90' title='bbox 730 2535 796 2596; x_wconf 79' lang='lat' dir='ltr'>XO.</span> <span class='ocrx_word' id='word_1_91' title='bbox 819 2536 930 2596; x_wconf 81' lang='lat' dir='ltr'>Mensa</span> <span class='ocrx_word' id='word_1_92' title='bbox 944 2554 1068 2596; x_wconf 79' lang='lat' dir='ltr'>acerno.</span> <span class='ocrx_word' id='word_1_93' title='bbox 1109 2531 1111 2535; x_wconf 70' lang='grc'><strong>’</strong></span> 
     </span>
    </p>
   </div>
   <div class='ocr_carea' id='block_1_15' title="bbox 462 2629 1343 2796">
    <p class='ocr_par' dir='ltr' id='par_1_15' title="bbox 462 2629 1343 2796">
     <span class='ocr_line' id='line_1_21' title="bbox 462 2629 1343 2722; baseline 0.007 -29"><span class='ocrx_word' id='word_1_94' title='bbox 462 2633 530 2693; x_wconf 90' lang='lat' dir='ltr'>Non</span> <span class='ocrx_word' id='word_1_95' title='bbox 545 2653 611 2693; x_wconf 90' lang='lat' dir='ltr'>sum</span> <span class='ocrx_word' id='word_1_96' title='bbox 626 2634 727 2713; x_wconf 83' lang='lat' dir='ltr'>crispa</span> <span class='ocrx_word' id='word_1_97' title='bbox 742 2634 883 2713; x_wconf 88' lang='lat' dir='ltr'>quidem,</span> <span class='ocrx_word' id='word_1_98' title='bbox 904 2652 962 2693; x_wconf 87' lang='lat' dir='ltr'>nec</span> <span class='ocrx_word' id='word_1_99' title='bbox 979 2633 1072 2693; x_wconf 75' lang='lat' dir='ltr'>silvae</span> <span class='ocrx_word' id='word_1_100' title='bbox 1086 2629 1154 2692; x_wconf 72' lang='lat' dir='ltr'>filia</span> <span class='ocrx_word' id='word_1_101' title='bbox 1171 2634 1343 2722; x_wconf 69' lang='lat' dir='ltr'>Maurae,</span> 
     </span>
     <span class='ocr_line' id='line_1_22' title="bbox 505 2715 1157 2796; baseline -0.002 -19"><span class='ocrx_word' id='word_1_102' title='bbox 505 2716 567 2777; x_wconf 85' lang='lat' dir='ltr'>Sed</span> <span class='ocrx_word' id='word_1_103' title='bbox 584 2725 697 2777; x_wconf 89' lang='lat' dir='ltr'>norunt</span> <span class='ocrx_word' id='word_1_104' title='bbox 710 2715 810 2779; x_wconf 78' lang='lat' dir='ltr'>lautos</span> <span class='ocrx_word' id='word_1_105' title='bbox 825 2724 858 2778; x_wconf 90' lang='lat' dir='ltr'>et</span> <span class='ocrx_word' id='word_1_106' title='bbox 872 2735 939 2778; x_wconf 80' lang='lat' dir='ltr'>meo</span> <span class='ocrx_word' id='word_1_107' title='bbox 953 2715 1037 2796; x_wconf 82' lang='lat' dir='ltr'>ligna</span> <span class='ocrx_word' id='word_1_108' title='bbox 1052 2715 1157 2796; x_wconf 78' lang='lat' dir='ltr'>depes.</span> 
     </span>
    </p>
   </div>
   <div class='ocr_carea' id='block_1_16' title="bbox 728 2852 1073 2913">
    <p class='ocr_par' dir='ltr' id='par_1_16' title="bbox 728 2852 1073 2913">
     <span class='ocr_line' id='line_1_23' title="bbox 728 2852 1073 2913; baseline -0.006 -1"><span class='ocrx_word' id='word_1_109' title='bbox 728 2852 807 2913; x_wconf 84' lang='lat' dir='ltr'>XCI.</span> <span class='ocrx_word' id='word_1_110' title='bbox 829 2852 952 2912; x_wconf 81' lang='lat' dir='ltr'>Dentes</span> <span class='ocrx_word' id='word_1_111' title='bbox 966 2852 1073 2912; x_wconf 81' lang='lat' dir='ltr'>eborei.</span> 
     </span>
    </p>
   </div>
   <div class='ocr_carea' id='block_1_17' title="bbox 463 2947 1379 3114">
    <p class='ocr_par' dir='ltr' id='par_1_17' title="bbox 463 2947 1379 3114">
     <span class='ocr_line' id='line_1_24' title="bbox 463 2947 1379 3036; baseline 0.011 -29"><span class='ocrx_word' id='word_1_112' title='bbox 463 2947 600 3009; x_wconf 74' lang='lat' dir='ltr'>Grandia</span> <span class='ocrx_word' id='word_1_113' title='bbox 614 2956 771 3010; x_wconf 78' lang='lat' dir='ltr'>taurorum</span> <span class='ocrx_word' id='word_1_114' title='bbox 785 2957 912 3029; x_wconf 74' lang='lat' dir='ltr'>portant</span> <span class='ocrx_word' id='word_1_115' title='bbox 930 2952 982 3028; x_wconf 90' lang='lat' dir='ltr'>qui</span> <span class='ocrx_word' id='word_1_116' title='bbox 996 2966 1142 3029; x_wconf 77' lang='lat' dir='ltr'>corpore,</span> <span class='ocrx_word' id='word_1_117' title='bbox 1167 2956 1332 3036; x_wconf 82' lang='lat' dir='ltr'>quoeris,</span> <span class='ocrx_word' id='word_1_118' title='bbox 1374 2991 1379 3001; x_wconf 91' lang='lat'><strong>·</strong></span> 
     </span>
     <span class='ocr_line' id='line_1_25' title="bbox 505 3033 1179 3114; baseline 0 -23"><span class='ocrx_word' id='word_1_119' title='bbox 505 3033 555 3091; x_wconf 80' lang='lat' dir='ltr'>An</span> <span class='ocrx_word' id='word_1_120' title='bbox 569 3033 700 3113; x_wconf 84' lang='lat' dir='ltr'>Libycos</span> <span class='ocrx_word' id='word_1_121' title='bbox 715 3036 836 3114; x_wconf 81' lang='lat' dir='ltr'>possint</span> <span class='ocrx_word' id='word_1_122' title='bbox 850 3034 1032 3094; x_wconf 71' lang='lat' dir='ltr'>sustinuisse</span> <span class='ocrx_word' id='word_1_123' title='bbox 1049 3033 1179 3092; x_wconf 69' lang='lat' dir='ltr'>trabes?</span> 
     </span>
    </p>
   </div>
   <div class='ocr_carea' id='block_1_18' title="bbox 463 3165 1274 3444">
    <p class='ocr_par' dir='ltr' id='par_1_18' title="bbox 463 3165 1274 3444">
     <span class='ocr_line' id='line_1_26' title="bbox 701 3165 1076 3248; baseline -0.003 -21"><span class='ocrx_word' id='word_1_124' title='bbox 701 3167 811 3239; x_wconf 77' lang='lat' dir='ltr'>XCII.</span> <span class='ocrx_word' id='word_1_125' title='bbox 836 3165 1076 3248; x_wconf 73' lang='lat' dir='ltr'>Quicquepedat.</span> 
     </span>
     <span class='ocr_line' id='line_1_27' title="bbox 463 3262 1156 3344; baseline 0 -21"><span class='ocrx_word' id='word_1_126' title='bbox 463 3264 582 3325; x_wconf 82' lang='lat' dir='ltr'>Puncta</span> <span class='ocrx_word' id='word_1_127' title='bbox 596 3272 685 3326; x_wconf 85' lang='lat' dir='ltr'>notos</span> <span class='ocrx_word' id='word_1_128' title='bbox 699 3265 764 3326; x_wconf 81' lang='lat' dir='ltr'>Iler</span> <span class='ocrx_word' id='word_1_129' title='bbox 778 3272 810 3325; x_wconf 90' lang='lat' dir='ltr'>et</span> <span class='ocrx_word' id='word_1_130' title='bbox 825 3272 913 3327; x_wconf 83' lang='lat' dir='ltr'>acuta</span> <span class='ocrx_word' id='word_1_131' title='bbox 928 3263 1055 3344; x_wconf 87' lang='lat' dir='ltr'>cuspide</span> <span class='ocrx_word' id='word_1_132' title='bbox 1071 3262 1156 3323; x_wconf 83' lang='lat' dir='ltr'>cluso</span> 
     </span>
     <span class='ocr_line' id='line_1_28' title="bbox 505 3346 1274 3444; baseline 0 -36"><span class='ocrx_word' id='word_1_133' title='bbox 505 3348 605 3429; x_wconf 83' lang='lat' dir='ltr'>Saepe</span> <span class='ocrx_word' id='word_1_134' title='bbox 624 3350 832 3430; x_wconf 86' lang='lat' dir='ltr'>redemptoris</span> <span class='ocrx_word' id='word_1_135' title='bbox 846 3349 982 3430; x_wconf 87' lang='lat' dir='ltr'>prodere</span> <span class='ocrx_word' id='word_1_136' title='bbox 996 3349 1079 3409; x_wconf 80' lang='lat' dir='ltr'>furto</span> <span class='ocrx_word' id='word_1_137' title='bbox 1094 3346 1188 3412; x_wconf 89' lang='lat' dir='ltr'>solet.</span> <span class='ocrx_word' id='word_1_138' title='bbox 1272 3440 1274 3444; x_wconf 10' lang='grc' dir='ltr'><em>Α</em></span> 
     </span>
    </p>
   </div>
   <div class='ocr_carea' id='block_1_19' title="bbox 674 3483 1111 3563">
    <p class='ocr_par' dir='ltr' id='par_1_19' title="bbox 674 3483 1111 3563">
     <span class='ocr_line' id='line_1_29' title="bbox 674 3483 1111 3563; baseline -0.005 -20"><span class='ocrx_word' id='word_1_139' title='bbox 674 3484 781 3545; x_wconf 80' lang='lat' dir='ltr'>XCIII.</span> <span class='ocrx_word' id='word_1_140' title='bbox 802 3483 920 3546; x_wconf 77' lang='lat' dir='ltr'>Pocula</span> <span class='ocrx_word' id='word_1_141' title='bbox 936 3483 1111 3563; x_wconf 73' lang='lat' dir='ltr'>archetypo.</span> 
     </span>
    </p>
   </div>
   <div class='ocr_carea' id='block_1_20' title="bbox 461 3580 1273 3743">
    <p class='ocr_par' dir='ltr' id='par_1_20' title="bbox 461 3580 1273 3743">
     <span class='ocr_line' id='line_1_30' title="bbox 461 3580 1238 3659; baseline 0.006 -21"><span class='ocrx_word' id='word_1_142' title='bbox 461 3580 530 3638; x_wconf 89' lang='lat' dir='ltr'>Non</span> <span class='ocrx_word' id='word_1_143' title='bbox 545 3587 593 3640; x_wconf 88' lang='lat' dir='ltr'>est</span> <span class='ocrx_word' id='word_1_144' title='bbox 606 3580 666 3641; x_wconf 80' lang='lat' dir='ltr'>isto</span> <span class='ocrx_word' id='word_1_145' title='bbox 681 3600 809 3659; x_wconf 85' lang='lat' dir='ltr'>recens,</span> <span class='ocrx_word' id='word_1_146' title='bbox 831 3599 891 3641; x_wconf 89' lang='lat' dir='ltr'>nec</span> <span class='ocrx_word' id='word_1_147' title='bbox 905 3582 1006 3641; x_wconf 90' lang='lat' dir='ltr'>nostri</span> <span class='ocrx_word' id='word_1_148' title='bbox 1020 3580 1119 3659; x_wconf 81' lang='lat' dir='ltr'>gloria</span> <span class='ocrx_word' id='word_1_149' title='bbox 1136 3580 1238 3659; x_wconf 86' lang='lat' dir='ltr'>ooeIi;</span> 
     </span>
     <span class='ocr_line' id='line_1_31' title="bbox 503 3662 1273 3743; baseline 0.012 -20"><span class='ocrx_word' id='word_1_150' title='bbox 503 3664 623 3724; x_wconf 87' lang='lat' dir='ltr'>Primus</span> <span class='ocrx_word' id='word_1_151' title='bbox 638 3667 669 3724; x_wconf 91' lang='lat' dir='ltr'>in</span> <span class='ocrx_word' id='word_1_152' title='bbox 684 3666 733 3725; x_wconf 90' lang='lat' dir='ltr'>his</span> <span class='ocrx_word' id='word_1_153' title='bbox 747 3666 891 3742; x_wconf 84' lang='lat' dir='ltr'>Mentor,</span> <span class='ocrx_word' id='word_1_154' title='bbox 908 3664 979 3725; x_wconf 90' lang='lat' dir='ltr'>dum</span> <span class='ocrx_word' id='word_1_155' title='bbox 994 3662 1151 3743; x_wconf 74' lang='lat' dir='ltr'>tantilla,</span> <span class='ocrx_word' id='word_1_156' title='bbox 1172 3667 1273 3732; x_wconf 74' lang='lat' dir='ltr'>bibli.</span> 
     </span>
    </p>
   </div>
   <div class='ocr_carea' id='block_1_21' title="bbox 0 0 1722 4575">
    <p class='ocr_par' dir='ltr' id='par_1_21' title="bbox 0 0 1722 4575">
     <span class='ocr_line' id='line_1_32' title="bbox 0 0 1722 4575; baseline 0 0"><span class='ocrx_word' id='word_1_157' title='bbox 0 0 1722 4575; x_wconf 95' lang='lat' dir='ltr'> </span> 
     </span>
    </p>
   </div>
  </div>
 </body>
</html>
