3434 4575
303 337 367 402 278
628 335 672 397 bt
687 335 780 398 VAL.
799 334 1029 396 molimus

786 538 865 600 xci.

389 651 538 715 Aeolidos
554 652 675 714 cuncos
688 653 771 712 iscct
783 653 843 711 boc
862 647 1012 711 tumulat·
1025 651 1194 734 sepulcro,

431 736 548 799 Ultimo
562 739 612 797 cui
625 753 738 817 purvuc
752 737 884 816 septimo
897 735 983 794 venit
994 735 1108 797 biems.

390 823 440 883 Ab
454 820 573 898 scelus,
596 821 634 880 ub
647 819 784 881 fucinus!
805 837 956 900 properus
971 818 1048 898 quid
1063 821 1168 901 flere,
1191 820 1303 884 victori

434 906 503 966 Non
515 903 593 964 licct
606 905 657 964 bic
672 905 755 964 sitne
769 902 809 963 dc
824 905 978 964 brevitstc
994 905 1097 983 queri.

368 989 530 1055 b'l'ristius
546 995 596 1049 est
609 987 674 1049 leto
689 985 749 1049 lcti
764 1007 879 1068 genusz
900 986 1032 1047 borrids
1044 986 1154 1050 voltus

433 1072 573 1134 Abstulit
590 1079 623 1133 et
637 1078 748 1134 teucro
763 1072 847 1134 scdit
859 1074 892 1132 in
908 1070 1063 1151 oscines,

391 1159 521 1240 ipsaque
537 1155 681 1219 crudeles
697 1156 832 1218 oderunt
845 1154 951 1218 osculo
964 1158 1085 1235 morbi,

434 1242 500 1302 Nec
515 1241 587 1303 dcto
600 1249 673 1303 suut
685 1244 784 1321 nigris
798 1248 864 1302 tots
879 1239 995 1302 labello
1008 1242 1105 1320 rogis.

392 1325 426 1388 Si
439 1332 501 1386 tum
515 1327 679 1407 praecipiti
692 1327 819 1386 fucrant
832 1331 962 1386 venturo
976 1323 1099 1405 volatu,

352 1421 385 1474 10
434 1410 615 1471 Debuerant
629 1409 691 1470 ulis
703 1410 769 1470 ints
781 1411 891 1471 venire
904 1412 960 1473 vic.

392 1491 456 1554 Sed
471 1512 554 1556 mors
568 1495 653 1555 vocis
668 1497 731 1554 iter
743 1496 923 1575 properavit
937 1492 1066 1557 cludere
1080 1491 1237 1575 bionum,

434 1578 481 1639 Nc
496 1586 604 1659 posset
619 1578 712 1639 durus
725 1579 857 1640 flectere
871 1577 976 1657 lingua
991 1577 1074 1639 (less.

786 1714 877 1774 XCll.

391 1825 546 1888 Mentitur
564 1825 664 1905 quite
677 1825 836 1903 uitiosum,
857 1821 964 1902 zoile,
987 1821 1073 1883 dicit

432 1909 502 1972 Non
516 1910 643 1970 vitiosus
657 1910 749 1969 bomo
764 1927 814 1986 cs,
836 1906 942 1986 Zoilo,
964 1905 1022 1967 scd
1033 1907 1153 1970 vitium.

774 2042 880 2105 xclll.

393 2162 515 2222 Pierios
528 2161 605 2219 uotis
620 2156 782 2218 Theodori
795 2161 917 2219 ilsmmc
929 2164 1059 2240 penstcs

434 2240 582 2305 Abstulit.
612 2241 682 2301 Hoc
696 2240 796 2304 Musis
810 2249 845 2304 ct
859 2245 935 2325 tibi,
955 2243 1100 2322 Phoebe,
1123 2240 1260 2324 plsccti

393 2328 419 2387 0
437 2324 556 2403 scelus,
578 2345 596 2386 o
614 2344 756 2405 magnum
772 2327 892 2390 fucinus
908 2330 1089 2407 crimenque
1105 2326 1258 2409 (leonum,

432 2408 502 2470 Non
517 2410 594 2471 ursit
607 2412 727 2492 pariter
743 2412 826 2492 quod
840 2412 948 2474 domus
962 2420 996 2474 ct
1010 2411 1169 2472 dominus!

774 2547 883 2610 XCIV.

393 2657 482 2736 Quod
495 2660 623 2722 nimium
634 2660 713 2722 livcs
725 2662 842 2722 nostris
857 2665 890 2721 ct
901 2660 1016 2739 ubiquc
1029 2655 1151 2720 libellis

435 2744 599 2821 Detrabis,
622 2746 766 2821 ignosco:
787 2763 883 2824 ucrpc
896 2750 1007 2824 pocts,
1029 2743 1121 2823 sapis.

393 2827 463 2887 Hoc
478 2845 601 2906 quoque
616 2847 678 2887 non
694 2848 786 2908 curo,
813 2826 897 2908 quod
918 2847 986 2888 cum
1001 2845 1069 2888 mcc
1083 2826 1226 2887 csrmIns
1241 2841 1349 2907 οιηιιι,

435 2909 605 2989 Gompilss:
626 2914 736 2991 etsie,
758 2932 853 2993 verpe
868 2920 979 2993 poeto,
997 2911 1086 2992 sapis.

374 2990 481 3055 oulud
495 3012 544 3053 mc
559 2996 693 3074 cruciat,
715 2993 849 3077 Solymis
865 2995 949 3076 quod
962 3002 1051 3057 nctus
1064 2994 1194 3075 inlusis

435 3076 583 3139 Poedicss
597 3098 743 3161 puerum,
756 3099 853 3162 scopo
867 3087 976 3162 noctu,
997 3097 1108 3142 mcum.

391 3159 475 3223 llcoc
490 3180 585 3243 ncgss
599 3165 745 3243 iurasque
758 3167 835 3225 mibi
849 3183 908 3246 per
921 3163 1038 3245 templs
1052 3162 1220 3226 Tonantis.

433 3245 503 3306 Nou
517 3247 627 3309 credo:
646 3250 730 3329 iuro,
750 3268 863 3330 scope,
885 3268 944 3329 pcc
957 3244 1153 3310 Anchialum.

782 3396 877 3458 XCV.

392 3504 543 3567 incideris
558 3508 703 3586 quotiens
716 3508 750 3567 in
766 3507 852 3567 bosio
867 3504 1065 3584 icllctorum,

434 3590 469 3651 lu
483 3587 593 3652 solium
606 3597 681 3672 puts
694 3597 727 3651 te
745 3608 907 3671 mergere,
928 3590 1060 3664 14Ἶιοοο,1
1081 3597 1188 3671 caput.
