3434 4575
704 486 829 537 sauma
851 483 897 535 VI.

304 629 480 709 Praecipuus
504 638 599 690 tamen
623 638 669 689 ost
691 629 809 705 horum,
833 629 883 708 qul
903 628 1023 706 saepius
1043 628 1123 707 exul,

304 712 403 794 {Cuius
426 715 553 774 amicitia
581 713 829 792 conducendaque
853 712 962 774 tabella

303 798 421 875 llagnus
445 799 518 859 civis
541 796 602 860 obit
625 806 654 858 et
677 798 846 858 formidatus
872 796 1001 874 Othoni}

303 883 368 942 lnde
392 883 466 942 lides
491 883 579 955 artis,
604 883 702 943 sonuit
724 884 748 943 si
771 883 894 943 dextera
917 883 997 942 ferro
1247 892 1298 948 550

304 967 473 1046 laevaque,
496 967 521 1026 si
543 967 633 1045 longo
656 976 816 1028 castrorum
840 968 869 1026 in
892 982 1015 1026 carcere
1037 968 1149 1026 mansit.

304 1050 392 1112 Nemo
417 1049 636 1111 mathematicus
660 1053 776 1129 genium
802 1050 982 1111 indemnatus
1000 1047 1138 1110 habebit:

303 1135 358 1195 Sed
381 1137 431 1215 qui
454 1152 549 1214 paene
574 1138 667 1214 perit,
690 1138 735 1196 cui
758 1137 806 1195 vix
828 1137 856 1195 in
882 1133 1011 1210 Cyclada
1035 1134 1108 1193 mitti

304 1217 431 1297 Contigit
453 1229 483 1280 et
504 1238 593 1298 parva
617 1221 731 1281 tandem
754 1222 884 1281 caruisse
908 1217 1044 1296 Seripho,

303 1302 434 1363 Consulit
457 1304 597 1365 ictericae
620 1305 698 1365 lento
723 1305 759 1365 de
783 1304 886 1364 iunere
908 1304 1017 1377 matris,
1246 1312 1297 1366 555

305 1389 374 1447 Ante
398 1398 493 1447 tamen
517 1388 554 1448 de
577 1399 607 1448 te
629 1387 770 1468 Tanaquil
793 1397 859 1465 tua,
884 1387 999 1468 quando
1026 1402 1160 1446 sororem

304 1471 411 1532 Efferat
435 1481 464 1532 et
489 1482 625 1551 patruos,
649 1491 685 1532 an
708 1476 745 1534 sit
768 1474 897 1533 victurus
920 1470 1036 1534 adulter

304 1556 368 1616 Post
391 1557 499 1635 ipsam;
523 1558 591 1636 quid
613 1559 687 1617 enim
711 1560 801 1618 maius
826 1558 896 1618 dare
917 1556 1030 1616 numina
1054 1552 1198 1634 possunt?

340 1640 423 1701 Haec
445 1651 539 1701 tamen
562 1644 694 1719 ignorat,
720 1642 787 1721 quid
811 1642 892 1702 sidus
914 1641 997 1701 triste
1022 1641 1144 1700 minetur

302 1726 431 1801 Saturni,
456 1742 515 1804 quo
538 1726 615 1787 laeta
637 1727 736 1786 Venus
759 1745 792 1786 se
815 1728 948 1806 proferat
970 1734 1062 1799 astro,
1245 1734 1297 1790 570

302 1809 353 1881 Qui
376 1811 486 1870 mensis
511 1810 636 1886 damnis,
662 1828 736 1890 quae
760 1812 863 1871 dentur
885 1820 1017 1888 tempora
1042 1809 1140 1871 lucro:

302 1892 379 1953 lllius
403 1911 547 1955 occursus
572 1896 657 1956 etiam
679 1896 773 1956 vitare
798 1903 954 1970 memento,

302 1977 329 2036 ln
352 1980 437 2038 cuius
460 1978 589 2038 manibus
614 1997 668 2040 ceu
691 1981 810 2058 pinguia
832 1981 952 2040 succina
975 1977 1057 2036 tritas

302 2059 402 2122 Cernis
425 2063 647 2141 ephemeridas,
673 2082 747 2143 quae
772 2063 881 2125 nullum
904 2060 1030 2125 consulit
1054 2069 1083 2120 et
1107 2064 1160 2121 iam

301 2143 483 2224 Consulitur,
510 2166 585 2228 quae
609 2158 704 2210 castra
727 2150 791 2210 viro
815 2151 995 2228 patriamque
1020 2154 1139 2223 petente
1242 2155 1294 2212 575

301 2229 360 2292 Non
385 2231 438 2293 ibit
462 2235 589 2311 pariter,
616 2236 744 2295 numeris
767 2242 907 2295 revocata
931 2229 1087 2307 Thrasylli.

300 2316 341 2378 hd
366 2318 489 2395 primum
512 2318 639 2397 lapidem
660 2320 772 2380 vectari
795 2338 880 2399 quum
903 2318 1018 2397 placct,
1045 2313 1117 2376 hora

300 2401 424 2461 Sumitur
450 2421 488 2461 ex
510 2403 601 2471 libro;
626 2404 651 2462 si
674 2405 766 2482 prurit
786 2405 888 2464 frictus
911 2402 1002 2463 ocelli

300 2484 447 2564 Angelus,
470 2498 603 2566 inspecta
625 2490 729 2565 genesi
753 2487 876 2564 collyria
898 2488 1004 2566 poscit.

299 2569 396 2648 Aegra
419 2569 489 2630 licet
512 2573 622 2648 iaceat,
651 2572 796 2650 capiendo
818 2570 897 2632 nulla
918 2571 1033 2631 videtur
1243 2581 1295 2635 580

299 2654 402 2733 Aptior
429 2654 500 2716 hora
526 2656 608 2733 cibo,
632 2656 688 2716 nisi
711 2674 795 2736 quam
820 2656 936 2717 dederit
960 2653 1111 2716 Petosiris.

298 2740 326 2797 Si
348 2738 508 2800 mediocris
531 2741 604 2816 erit,
628 2741 751 2820 spatium
776 2740 909 2801 lustrabit
929 2741 1072 2818 utrimque

297 2820 438 2883 dictarum
461 2834 490 2884 et
516 2834 612 2885 sortes
636 2825 723 2886 ducet
745 2825 931 2904 frontemque
953 2840 1126 2902 manumque

298 2905 454 2968 Praebebit
474 2909 533 2968 vati
555 2908 689 2969 crebrum
713 2926 877 2987 poppysma
899 2908 1025 2986 roganti.

299 2990 441 3052 Divitibus
466 3009 609 3070 responsa
634 2993 741 3054 dabunt
765 2993 861 3069 Phryx
884 3011 976 3071 augur
998 3002 1027 3052 et
1049 2989 1147 3069 ludus,
1243 3002 1294 3056 585

298 3072 466 3136 Conductus
490 3076 569 3137 dabit
593 3087 734 3137 astrorum
758 3079 913 3157 mundique
934 3078 1056 3156 peritus,

297 3160 392 3238 Atque
417 3159 523 3239 aliquis
545 3163 661 3237 senior,
686 3163 734 3241 qui
759 3162 877 3241 publica
901 3161 1016 3240 fulgura
1039 3160 1151 3219 condit:

296 3242 446 3304 Plebeium
466 3244 494 3303 in
518 3245 598 3305 circo
622 3247 746 3325 positum
769 3255 865 3306 estet
887 3246 916 3305 in
937 3262 1050 3324 aggere
1074 3244 1171 3304 iatum.

296 3325 378 3400 Quae
401 3328 484 3389 nudis
506 3328 622 3406 longum
646 3331 774 3390 ostendit
795 3330 963 3391 cervicibus
985 3346 1104 3404 armum,

297 3408 431 3473 Gousulit
454 3423 520 3473 ante
541 3413 614 3474 falas
639 3414 899 3495 delphinorumque
923 3415 1084 3488 columnas,
1241 3424 1293 3477 590

297 3495 434 3575 hnsaga
459 3496 595 3558 vendenti
619 3498 723 3574 nubat,
748 3516 881 3578 caupone
907 3499 1024 3559 relicto.

338 3579 399 3641 liae
422 3590 519 3642 tamen
543 3591 572 3641 et
595 3592 694 3661 partus
718 3583 842 3644 subeunt
868 3584 1025 3644 discrimen
1047 3590 1077 3640 et
1100 3596 1200 3641 omnes

298 3662 425 3725 Nutricis
449 3665 575 3726 tolerant
595 3666 709 3728 iortuna
732 3676 855 3747 urgente
879 3667 1012 3728 labores:

297 3749 355 3809 Sed
378 3750 455 3811 iacet
477 3758 578 3810 aurato
602 3751 652 3810 vix
675 3750 732 3812 ulla
755 3770 903 3832 puerpera
927 3750 1017 3811 lecto.
