3434 4575
561 454 902 517 EPIGRAMMA'PON
915 455 989 518 LlB.
1004 455 1045 517 X.
1263 457 1325 521 229

365 613 426 673 llic
443 630 501 690 ego
517 608 592 688 quid
605 609 738 668 faciam?
761 607 956 689 quidnobis,
978 609 1092 688 Paule,
1114 610 1282 692 relinquis,

403 697 467 772 'Qui
482 693 521 754 de
535 693 630 773 plebe
644 694 761 753 Numae
776 691 935 772 densaque
950 696 1180 756 turba‘sumus?

342 781 426 858 oqui
441 798 490 838 me
504 779 671 858 respiciet,
693 775 849 837 dominum
863 796 1032 856 regemque
1047 781 1184 840 vocabo?
1290 806 1292 810 ¹

406 865 475 923 Hoc
493 869 544 943 tu,
565 860 621 921 sed
636 867 749 941 quanto
765 860 923 921 blandius!
943 863 1011 942 ipse
1025 863 1112 924 iacis.

363 949 520 1009 Lecticam
536 944 682 1007 sellamve
698 947 832 1022 sequar?
849 963 909 1005 nec
923 947 1010 1006 ferre
1027 966 1168 1025 recusas,

405 1033 468 1092 Per
483 1031 618 1090 medium
632 1049 750 1109 pugnas
769 1029 826 1090 sed
838 1032 926 1110 prior
940 1033 1002 1090 isse
1017 1029 1125 1092 lutum.

365 1117 493 1195 Saepius
510 1133 664 1192 assurgam
678 1116 823 1174 recitanti
839 1115 997 1174 carminat
1018 1122 1051 1175 tu
1065 1122 1128 1175 stas

324 1211 359 1263 10
408 1201 451 1260 Et
462 1201 582 1279 pariter
596 1200 733 1277 geminas
749 1197 852 1259 tendis
867 1199 899 1257 in
918 1217 973 1257 ora
989 1219 1103 1259 manus.

366 1282 448 1360 Quid
463 1284 558 1343 faciet
572 1301 706 1363 pauper,
727 1284 777 1342 cui
792 1302 853 1342 non
868 1280 946 1343 licet
962 1302 1031 1344 esse
1049 1283 1180 1345 clienti?

408 1368 531 1426 Dimisit
545 1373 666 1427 nostras
680 1387 817 1447 purpura
829 1372 934 1426 vestra
947 1374 1044 1448 togas.

777 1501 828 1564 XI.

362 1619 415 1681 Nil
431 1618 514 1680 uliud
527 1618 682 1701 loqueris,
705 1641 794 1698 quom
809 1621 934 1681 Thesea
947 1621 1199 1702 Pirithoumque,

407 1704 516 1783 Teque
530 1711 620 1783 putas
637 1703 764 1783 Pyladi,
788 1703 982 1782 Calliodorc,
1003 1725 1118 1784 parem.

364 1789 563 1868 Disperearn,
585 1789 612 1847 si
627 1795 661 1848 tu
675 1787 784 1867 Pyladi
798 1794 960 1866 praestare
976 1788 1131 1858 matellam
1238 1822 1240 1826 ν

408 1874 524 1952 Dignus
539 1890 573 1932 es
589 1877 640 1931 aut
653 1890 766 1951 porcos
780 1889 910 1950 pascere
924 1872 1067 1934 Pirithoi.

343 1955 504 2034 5„Donavi
519 1955 645 2015 tamcn“
662 1956 765 2033 inquis
780 1956 899 2032 „amico
914 1953 999 2014 milla
1013 1957 1149 2036 quinque

405 2041 447 2100 Et
460 2038 558 2101 lotam
572 2046 607 2099 ut
619 2039 747 2098 multum
762 2045 874 2116 terque
888 2046 1060 2118 quaterque
1074 2040 1209 2120 togam.“

358 2117 461 2202 Quid,
484 2122 567 2202 quod
581 2123 627 2183 nil
642 2143 775 2200 unquam
789 2121 924 2200 Pylades
940 2122 1064 2184 donavit
1078 2125 1226 2185 Orestae:

407 2209 466 2284 Qui
481 2206 575 2267 donat
591 2209 727 2287 quamvis
740 2206 889 2286 plurima,
910 2205 998 2289 plura
1009 2216 1113 2289 negat.

768 2343 832 2404 ΧΠ.

364 2453 516 2514 Aemiliae
534 2457 643 2530 gentes
658 2460 691 2512 et
704 2453 886 2534 Apollineas
904 2455 1084 2536 Vercellas,

408 2539 450 2598 Et
464 2537 673 2598 Phaethontei
687 2540 738 2616 qui
752 2540 835 2619 petis
851 2559 922 2599 arra
936 2539 1029 2620 Padi,

364 2622 412 2681 Ne
426 2622 539 2698 vivam,
561 2621 621 2680 nisi
637 2628 687 2699 te,
710 2624 841 2701 Domiti,
864 2622 986 2683 dimitto
1001 2626 1156 2705 libenter,

408 2706 503 2767 Grato
517 2706 594 2766 licet
610 2705 677 2765 sine
693 2711 726 2767 te
742 2708 783 2767 sit
799 2708 875 2766 milri
889 2705 976 2766 nulla
990 2707 1066 2771 dies.

365 2789 428 2850 Sed
442 2788 632 2850 desiderium
646 2792 724 2851 tanti
739 2797 804 2868 est,
825 2795 862 2849 ut
876 2807 977 2849 messe
991 2789 1043 2852 vel
1057 2812 1117 2853 una

405 2875 531 2935 Urbano
546 2874 667 2935 releves
683 2873 764 2935 colla
780 2878 908 2952 perusta
923 2873 1004 2952 iugo.

363 2959 377 3018 l
390 2977 504 3038 precor
519 2964 552 3019 et
565 2965 649 3019 totos
665 2958 752 3018 avida
766 2962 837 3016 cute
852 2956 993 3017 combibe
1009 2958 1100 3021 soles.

369 3087 371 3090 -
406 3042 433 3102 0
449 3063 538 3121 quarn
553 3043 723 3118 formosus,
746 3039 818 3100 dum
832 3042 1033 3122 peregrinus,
1056 3046 1134 3106 eris!

364 3126 405 3186 Et
418 3128 526 3186 venies
542 3124 620 3185 albis
634 3143 696 3184 non
711 3122 924 3202 agnoscendus
939 3128 1044 3187 amicis
1243 3133 1249 3140 “

321 3217 355 3271 ’10
403 3210 587 3285 Livebitque
602 3208 664 3268 tuis
678 3206 797 3286 pallida
810 3210 902 3269 turba
917 3212 1019 3287 genis!

363 3292 427 3354 Sed
441 3294 490 3352 via
508 3310 598 3370 quem
615 3290 756 3371 dederit,
777 3295 880 3373 rapiet
894 3293 956 3352 cito
973 3293 1069 3353 Roma
1086 3291 1239 3373 colorem,

404 3373 654 3436 Niliaco‘rcdeas
674 3381 709 3435 tu
724 3375 801 3437 licet
820 3396 876 3438 ore
892 3374 991 3454 niger.
1065 3392 1067 3397 ’

762 3510 840 3571 ΧΙΙΙ.

363 3621 440 3682 (lum
457 3617 696 3681 cathedralicios
713 3627 820 3701 portet
837 3622 895 3683 tibi
913 3596 990 3682 reda
1006 3623 1164 3683 ministros

406 3705 448 3767 Et
465 3703 560 3785 Libys
574 3705 606 3764 in
622 3702 717 3783 longo
731 3704 862 3786 pulvere
878 3705 969 3766 sudet
987 3724 1100 3786 eques,
