3434 4575
455 465 517 529 llt
775 462 819 523 Μ.
836 462 927 525 VAL.
944 461 1171 523 MARTIALIS

496 630 530 682 10
580 617 702 677 Aureus
716 622 750 673 ut
768 614 879 693 Scorpi
895 633 986 674 nasus
1001 615 1116 693 ubique
1132 618 1250 677 micet?

539 701 697 762 Ofrustm
711 696 870 778 locuples,
893 717 910 756 o
927 696 1134 759 dissimulator
1150 702 1256 780 amici,

547 841 552 849 ,
580 785 665 844 Haec
678 782 758 861 Iegis
774 788 806 841 et
819 781 948 841 landast
977 783 1063 857 Quae
1079 785 1134 842 tibi
1150 784 1231 845 famo
1245 787 1350 868 periti

917 915 1026 978 XXVI.

539 1028 629 1106 Quod
644 1028 734 1109 alpha
749 1027 828 1103 dixi,
851 1025 970 1104 Corde,
992 1026 1226 1106 paenulatorum

540 1114 588 1173 'Ie
603 1131 717 1191 nuper,
740 1111 842 1194 aliquo
857 1130 925 1169 cum
941 1112 1062 1170 iocarer
1076 1113 1109 1171 in
1124 1113 1256 1192 charta,

540 1197 573 1256 SI
587 1197 671 1257 forte
687 1194 782 1258 bilem
798 1195 892 1254 movit
906 1194 957 1253 hic
972 1196 1028 1254 tibi
1043 1213 1165 1274 versus,

539 1283 630 1343 Dicas
643 1278 755 1341 licebit
770 1282 843 1339 beto
856 1296 905 1337 me
921 1284 1104 1356 togatorum.

920 1411 1042 1473 XXVII.

538 1526 697 1606 ingenium
711 1522 908 1602 studiumque
923 1525 981 1583 tibi
996 1542 1159 1603 moresque
1174 1545 1338 1608 genusque

582 1610 660 1670 Sunt
675 1609 805 1687 equitis,
826 1607 942 1667 fateor:
965 1607 1184 1688 ceternplebis
1197 1611 1306 1678 habes.
1378 1689 1384 1702 ⁸

518 1861 595 1924 5Bis
610 1867 739 1942 septena
755 1859 812 1920 tibi
827 1878 889 1918 non
904 1865 976 1918 sunt
989 1858 1138 1920 subsellia
1151 1862 1245 1940 tonti,

583 1947 626 2007 Ut
640 1945 749 2005 sedeas
764 1946 829 2004 viso
846 1941 977 2022 pallido·
994 1942 1127 2005 Oceano.

912 2077 1048 2140 XXVIII.

542 2193 584 2252 Ut
599 2193 679 2252 benc
693 2191 838 2271 quuatur
854 2193 1030 2270 sentiatque
1046 2192 1238 2272 Mamercus,

427 2339 432 2355 ‚
542 2276 679 2338 Efficere
693 2273 804 2354 nullis,
826 2275 923 2355 Aule,
945 2277 1081 2336 moribus
1093 2277 1209 2357 possis:

540 2361 662 2420 Pietate
675 2361 789 2420 fratres
804 2362 929 2421 Curtios
943 2359 1020 2420 licet
1037 2363 1154 2439 vincas,

545 2444 657 2520 Quiete
668 2443 802 2523 Neruas,
825 2446 971 2505 comitate
985 2445 1143 2523 Rusones,

520 2529 704 2592 tProbitote
719 2529 859 2607 Macros,
880 2530 1035 2608 nequitate
1050 2528 1222 2607 Mauricos,

543 2612 691 2673 OratIou'e
707 2611 859 2692 Regulos,
880 2613 957 2673 iocis
970 2612 1099 2673 Paulos:

543 2697 740 2775 RobIgInosis
757 2703 867 2757 cuncto
882 2696 1027 2757 dentibus
1043 2696 1136 2775 rodit.

543 2781 707 2841 Hominem
722 2780 887 2860 malignum
904 2782 1009 2841 forsan
1025 2800 1094 2841 esse
1109 2787 1143 2841 tu
1157 2779 1282 2841 credase

542 2866 607 2944 ligo
624 2883 693 2924 esse
707 2868 852 2926 miserum
868 2865 980 2944 credo,
1003 2866 1052 2925 cui
1066 2863 1169 2944 placet
1182 2884 1283 2929 nemo.

923 3012 1031 3073 XXIX.

548 3124 582 3186 st
598 3124 718 3204 quondo
734 3123 874 3206 leporem
888 3127 984 3186 mittis
1000 3127 1091 3204 mth,
1114 3123 1234 3205 Gellio,
1257 3125 1355 3208 dicto,

586 3208 775 3287 „Formosus
790 3216 927 3290 septem,
949 3210 1074 3289 Marco,
1093 3209 1203 3271 diebus
1218 3211 1315 3274 erio.“

439 3335 441 3339 ,
546 3292 579 3352 Si
595 3312 657 3352 non
672 3291 815 3372 derides,
838 3295 865 3353 si
879 3312 1001 3372 verum,
1022 3293 1074 3354 lun
1088 3313 1172 3373 mea,
1195 3314 1320 3374 narras,

585 3374 687 3437 Edisti
700 3396 871 3457 nunquam,
894 3377 1011 3456 Gellio,
1033 3385 1066 3438 tu
1080 3376 1231 3459 leporem.
1441 3375 1443 3380 ⁴

934 3511 1029 3573 XXX.

545 3625 663 3705 Varro,
685 3623 861 3706 Sophocleo
876 3643 938 3684 uon
951 3622 1112 3683 iulitionde
1127 3625 1297 3702 cothurno,

587 3708 654 3771 Nec
668 3711 767 3769 minus
781 3710 814 3767 in
829 3706 960 3769 Calabro
974 3706 1170 3789 suspiciende
1185 3706 1270 3787 lym,
