3434 4575
434 497 474 560 22
755 509 789 558 υ.
814 509 885 559 rust.
907 509 1093 589 ruvunuuts

435 653 498 715 Nec
519 652 624 714 melior
644 652 743 730 vultu,
770 655 899 733 quamvis
922 653 1077 731 ignobilis,
1102 654 1160 715 ibat

437 737 577 813 Rubrius,
602 738 732 799 oileusae
755 740 865 799 veteris
889 757 955 798 reus
978 748 1065 818 atque
1089 739 1241 815 tacendae,

436 823 472 883 Et
494 833 587 883 tamen
613 823 771 902 improbior
793 824 908 883 satiram
932 823 1079 883 scribente
1103 825 1234 885 cinaedo.

437 907 560 968 Montani
587 925 703 987 quoque
726 918 828 967 venter
849 908 934 967 adest
957 907 1108 968 abdomine
1133 910 1242 983 turdus,

436 993 472 1051 Et
493 993 630 1052 matutino
653 993 759 1053 sudans
785 990 935 1071 Crispinus
959 1010 1084 1066 amomo,

436 1077 577 1150 Quantum
599 1078 647 1136 vix
668 1077 804 1137 redolent
825 1077 882 1137 duo
905 1076 1024 1140 lunera:
1048 1093 1165 1136 saevior
1188 1075 1239 1135 illo

435 1162 590 1240 Pompeius
612 1163 689 1221 tenui
711 1162 826 1240 iugulos
850 1162 966 1239 aperire
989 1180 1119 1233 susurru,

436 1245 472 1306 Et
495 1246 543 1324 qui
566 1244 726 1305 vulturibus
750 1245 886 1305 servabat
908 1247 1022 1305 viscera
1045 1245 1134 1305 Dacis

436 1331 564 1406 Fuscus,
589 1348 750 1392 marmorea
771 1330 923 1390 meditatus
947 1330 1060 1408 proelia
1083 1328 1163 1401 villa,

437 1416 472 1476 Et
497 1433 560 1474 curn
582 1415 731 1474 mortifero
754 1414 882 1492 prudeus
905 1414 1030 1474 Veiento
1056 1410 1183 1485 Catullo,

437 1501 492 1574 Qui
514 1516 665 1577 numquam
688 1502 768 1559 visae
793 1497 934 1576 flagrabat
956 1516 1055 1558 amore
1078 1497 1207 1576 puellae,

437 1582 550 1645 Grande
576 1592 605 1642 et
630 1586 818 1662 conspicuum
841 1592 942 1641 nostro
965 1600 1082 1661 quoque
1101 1590 1234 1660 tempore
1257 1589 1427 1639 monstrum:

438 1666 551 1728 Caecus
576 1667 708 1727 adulator
730 1667 868 1746 dirusque
890 1685 906 1726 a
930 1676 1018 1745 ponte
1041 1666 1173 1741 satelles,
1382 1674 1429 1726 115

437 1753 548 1829 Dignus
573 1752 708 1812 Aricinos
731 1753 780 1831 qui
802 1752 981 1812 mendicaret
1004 1752 1039 1811 ad
1065 1769 1136 1810 axes

437 1836 603 1914 Blandaque
625 1836 757 1896 devexae
782 1838 905 1896 iactaret
927 1835 1007 1896 basia
1030 1836 1129 1895 redae.

437 1921 529 1980 Nemo
552 1922 643 1998 magis
666 1920 814 1981 rhombum
838 1922 963 1999 stupuit:
985 1938 1048 1979 nam
1072 1919 1191 1997 plurima
1216 1916 1289 1975 dixit

436 2007 468 2067 ln
491 2005 604 2065 laevum
628 2022 804 2071 conversus:
828 2004 922 2064 atilli
946 2004 1047 2064 dextra
1071 2003 1185 2063 iacebat
1381 2012 1430 2066 120

438 2088 549 2150 Bellus.
594 2090 643 2149 Sic
667 2107 778 2167 pugnas
800 2086 900 2148 Cilicis
924 2088 1058 2147 laudabat
1082 2096 1111 2148 et
1134 2089 1209 2147 ictus

439 2171 475 2234 Et
498 2191 601 2252 pegma
624 2182 652 2232 et
676 2191 784 2251 pueros
808 2172 875 2231 inde
897 2171 932 2231 ad
956 2172 1064 2231 velaria
1092 2180 1200 2250 raptos.

438 2258 503 2319 Non
525 2258 602 2318 cedit
622 2256 765 2334 Veiento,
788 2255 840 2316 sed
865 2265 894 2316 ut
916 2255 1057 2316 lunaticus
1083 2265 1182 2315 oestro

439 2345 613 2416 Percussus,
638 2341 777 2417 Bellona,
801 2351 850 2401 tuo
874 2341 981 2403 divinat
1003 2349 1048 2416 et,
1072 2341 1178 2418 lugens

439 2428 530 2487 Omen
551 2426 656 2499 babes,
681 2428 787 2505 inquit,
813 2426 909 2502 magni
931 2425 1059 2504 clarique
1083 2425 1232 2502 triumphi:
1381 2432 1430 2487 125

439 2512 549 2589 Regem
573 2511 697 2589 aliquem
721 2512 837 2588 capies,
861 2518 910 2569 aut
932 2508 968 2569 de
991 2519 1106 2569 temone
1127 2508 1263 2569 Britanno

438 2595 563 2656 Excidet
585 2595 761 2673 Aruiragus:
785 2595 939 2674 peregrina
962 2604 1007 2653 est
1028 2593 1141 2658 bellua:
1169 2595 1263 2652 cernis

439 2680 561 2740 lineatas
584 2681 611 2739 in
634 2688 717 2758 tergo
739 2677 902 2740 sudesl—
922 2676 986 2737 lioc
1006 2677 1096 2737 deluit
1120 2696 1203 2736 unum

441 2763 593 2840 Fabricio,
616 2766 736 2842 patriam
759 2773 789 2823 ut
811 2763 924 2824 rhombi
950 2770 1127 2822 memoraret
1150 2771 1178 2819 et
1200 2778 1357 2821 annos—-

441 2848 580 2921 Quidnam
601 2849 687 2925 igitur
710 2845 839 2908 censes?
861 2844 1095 2907 conciditur‘l-
1115 2842 1200 2903 Absit
1220 2843 1256 2903 ab
1277 2844 1330 2905 illo
1384 2851 1432 2905 130

440 2931 575 2992 Dedecus
597 2931 670 3005 boc,
694 2931 845 2991 biontanus
869 2935 920 2997 ait:
944 2940 1020 2991 testa
1043 2930 1099 2990 alta
1124 2938 1252 3006 paretur,

440 3017 522 3088 Quae
544 3018 622 3074 tenui
646 3034 727 3075 muru
750 3018 908 3093 spatiosum
933 3015 1052 3092 colligat
1075 3013 1184 3073 orbem.

441 3099 571 3159 Debetur
593 3119 713 3178 magnus
737 3101 852 3177 patinae
878 3099 1049 3176 subitusque
1071 3096 1277 3161 Prometheust

441 3183 580 3261 Argilium
603 3193 690 3262 atque
714 3194 805 3242 rotam
829 3184 912 3243 eitius
937 3182 1111 3261 properate!
1138 3180 1189 3240 sed
1212 3199 1249 3241 en
1270 3179 1330 3240 boc

440 3267 585 3346 Tempore
607 3269 676 3343 iam,
699 3265 824 3341 Caesar,
850 3266 931 3344 iiguli
958 3276 1003 3327 tua
1028 3276 1122 3327 castra
1144 3272 1432 3343 sequanum-13⁶

440 3353 516 3413 Vicit
537 3350 622 3429 digna
643 3353 706 3411 viro
729 3353 886 3411 sententia:
911 3360 1033 3410 noverat
1053 3350 1104 3410 ille

440 3436 592 3497 Luxuriam
614 3437 726 3514 imperii
747 3444 878 3494 veterem
902 3444 1064 3513 noctesque
1087 3432 1212 3493 Neronis

439 3519 497 3579 lam
520 3521 630 3581 medias
652 3522 795 3599 aliamque
818 3519 939 3593 famem,
964 3537 1048 3597 quum
1075 3518 1172 3596 pulmo
1196 3516 1322 3576 Falerno

442 3604 576 3665 Arderet.
622 3603 699 3665 Nulli
721 3605 812 3664 maior
835 3603 887 3663 luit
910 3622 979 3662 usus
1003 3602 1107 3662 edendi

441 3686 626 3767 Tempestate
650 3707 729 3750 mea:
753 3686 866 3748 Circeis
889 3696 954 3747 nata
976 3687 1072 3746 ioreut
1094 3705 1129 3744 an
1385 3694 1434 3747 140

441 3772 589 3837 Lucrinum
613 3773 647 3835 ad
672 3792 772 3833 saxum
796 3771 980 3850 Rutupinove
1003 3773 1080 3830 edita
1100 3770 1187 3831 fundo
