3434 4575
758 434 966 487 madelmo.
1303 433 1351 488 vit

371 583 544 641 dominaedius
560 585 634 644 laser.
646 584 676 640 tt.
689 584 787 656 Neapoi.
806 586 1014 650 11131111ᾶί11,
1033 600 1089 641 eom
1105 587 1246 643 neomsariis
1256 590 1351 659 supple·

369 671 457 726 mentis
466 669 530 724 haee
539 671 610 726 vmha
620 678 691 726 aunt:

734 754 829 810 corelli.
849 754 975 811 snchvtl

713 840 737 895 d.
752 838 856 895 ianVS.
874 837 1035 917 lvvnNam‘s

649 923 717 978 tillh.
729 923 803 979 coti.
815 941 831 980 r.
848 921 1060 978 honorantium

680 1007 709 1063 ll.
720 1007 781 1063 vm.
793 1007 899 1072 ovino.
912 1006 1035 1062 l'thlEN

724 1092 794 1148 hivi.
807 1090 988 1147 VESPdSthl

690 1175 784 1232 vnvm
800 1174 1011 1247 nanicathtqttl:

714 1259 773 1315 SVA
936 1259 996 1315 PEC

365 1344 405 1398 uhi
416 1350 486 1398 reete
496 1343 585 1398 dudum
599 1344 679 1413 agnita
691 1354 729 1399 est
739 1344 836 1399 Helvina
843 1344 924 1411 Ceres,
937 1361 1008 1416 quam
1019 1346 1213 1416 ahhquinatihus
1223 1346 1345 1415 peculiam-

365 1438 402 1482 ter
411 1427 504 1483 cultam
518 1427 695 1483 esseluvenalis
706 1428 756 1484 Sat
764 1428 803 1484 lll.
812 1434 866 1487 320
877 1435 990 1490 testatur:
1004 1429 1125 1483 hominem
1138 1437 1219 1485 autem
1232 1444 1263 1483 ne
1275 1429 1346 1484 alium

364 1519 498 1581 aopootam
509 1518 618 1565 nostrum
629 1526 682 1567 esse
690 1528 839 1578 oenseamns,
847 1521 872 1568 et
882 1514 985 1567 nominis
991 1521 1015 1567 et
1027 1514 1141 1584 temporis
1147 1513 1312 1568 convenientia
1322 1521 1346 1566 et

364 1597 416 1667 ipsa
427 1596 538 1650 militaris
550 1597 654 1650 muneris
667 1599 781 1652 memoria
791 1598 890 1662 suadet,
908 1613 979 1669 qrnam
988 1614 1037 1653 non
1049 1605 1085 1652 est
1096 1614 1140 1653 cur
1149 1598 1216 1653 illmn
1233 1598 1345 1652 redunern

365 1683 427 1734 inter
437 1681 522 1735 titulos
532 1695 590 1735 snos
600 1695 754 1736 comparasse
764 1697 898 1754 negemm3
909 1683 974 1754 quod
984 1683 1004 1737 si
1016 1683 1073 1737 illud
1084 1685 1134 1736 erui
1142 1690 1229 1753 potest,
1242 1681 1343 1737 uhillel·

365 1773 484 1819 matarum
494 1765 637 1830 illaoohors‚
648 1767 717 1821 ouius
727 1767 875 1821 tribunatum
887 1768 991 1838 gessisse
999 1768 1096 1838 legitur,
1110 1766 1226 1821 luvenalis
1239 1774 1346 1837 tempore

364 1849 494 1904 stationem
505 1848 628 1912 hahuerit.
644 1851 681 1904 vel
697 1851 797 1905 militiae
806 1850 844 1904 vel
853 1850 918 1904 exilii
929 1850 999 1904 huius
1011 1852 1079 1905 loeus
1091 1858 1157 1905 entra
1169 1865 1266 1905 omnem
1277 1849 1344 1906 dnhi·

365 1934 481 1988 tationem
497 1934 590 2004 positus
606 1934 660 1988 erit.
689 1936 758 2006 nrqot
771 1934 933 1988 Delmatamm
951 1934 1074 1988 eohortem
1091 1935 1192 2005 primam
1211 1935 1346 1989 Britanniae

363 2017 475 2072 tribuum
484 2018 627 2088 diplomata,
639 2034 701 2090 quae
711 2020 783 2073 dnete
794 2021 896 2074 illustrat
908 2018 1014 2074 ilentaen
1027 2020 1050 2072 in
1060 2018 1157 2073 Jahrhh.
1171 2020 1187 2074 i.
1200 2013 1300 2074 diterthss
1312 2019 1344 2073 im

364 2100 461 2156 Rheinl.
474 2101 580 2159 1111111.
594 2101 663 2166 xlii.
681 2119 704 2174 p.
716 2107 767 2166 87.
780 2103 896 2173 imprimis
912 2103 1045 2158 seornndum
1057 2102 1219 2168 cardinalem.
1242 2103 1344 2173 [liplnmi

364 2186 481 2256 imperiali
498 2187 521 2240 dl
539 2187 649 2258 privilegi
672 2189 791 2243 accordati
814 2188 835 2242 ai
854 2188 965 2253 militari,
982 2186 1064 2245 Velitr.
1084 2189 1150 2245 1835
1166 2195 1183 2243 t
1202 2186 1259 2252 llll.
1282 2189 1344 2243 unde

364 2285 417 2325 eam
434 2286 456 2325 a.
470 2273 519 2328 106
531 2286 554 2342 p.
567 2270 623 2327 Chr.
635 2272 684 2327 illio
701 2273 832 2328 tetendisse
847 2272 1018 2345 intelligimus:
1037 2271 1149 2345 idemque
1164 2273 1225 2328 seito
1241 2273 1343 2329 ostendit

364 2356 471 2411 eiusdem
482 2356 619 2426 promisone
630 2364 655 2411 et
665 2358 800 2427 praelectos
815 2364 840 2411 et
851 2357 961 2413 trihunns
971 2372 1098 2428 apparere,
1109 2358 1173 2413 unde
1183 2373 1214 2413 ne
1224 2357 1281 2413 illud
1293 2358 1345 2429 qni·

363 2441 422 2495 dem
433 2456 478 2494 nos
492 2440 588 2495 turhare
599 2442 700 2509 poterit,
720 2442 784 2513 qnod
796 2441 968 2496 hlommsonius
984 2442 1015 2497 de
1023 2441 1158 2499 tribunatus
1168 2449 1225 2497 nota
1236 2443 1259 2496 in
1273 2442 1343 2498 titulo

364 2524 516 2579 invendiano
527 2524 645 2597 ambigna
664 2541 713 2580 nnn
724 2527 800 2598 igitur
813 2528 908 2597 pn'anoe
919 2525 1024 2581 cohortis
1041 2540 1140 2580 numero
1159 2533 1215 2581 ante
1224 2524 1344 2582 Odenato·

363 2626 416 2663 rnrn
425 2608 529 2674 inserto,
542 2611 582 2680 qui
595 2611 619 2664 in
630 2610 743 2665 ltalomm
756 2612 901 2683 apographis
912 2610 982 2666 sanilo
992 2611 1085 2681 negligi
1094 2617 1201 2681 poterat,
1213 2612 1260 2666 iam
1271 2612 1343 2666 etiam

363 2694 566 2748 monumentalem
585 2694 656 2748 iidem
673 2695 736 2748 nanti
762 2711 861 2763 snmus,
882 2710 1012 2767 quaquam
1029 2701 1109 2749 cetera
1127 2696 1270 2757 testimonia.
1283 2711 1344 2767 qnae

362 2776 485 2831 Senticam
498 2776 615 2832 luvenalis
635 2778 744 2833 militiam
761 2785 965 2843 commemorant,
986 2786 1038 2834 tum
1058 2779 1167 2834 scholion
1187 2778 1342 2835 Bodleianum

363 2861 393 2915 ah
405 2860 489 2916 Odoin.
502 2861 600 2917 hldllero
613 2863 690 2931 primo
710 2862 800 2918 editum
811 2863 990 2919 confirmemus.
1020 2862 1081 2919 Nam
1093 2870 1122 2918 ut
1132 2864 1180 2918 hoo
1190 2865 1287 2935 reliquis
1297 2881 1341 2935 po-

363 2948 411 3000 tins
432 2947 575 3009 habeamus,
592 2946 651 3002 illnd
661 2947 750 3010 efficit.
771 2950 834 3019 quod
852 2948 892 3003 alii
908 2946 1005 3002 Sentias
1020 2955 1095 3001 testas
1111 2955 1225 3019 gameno.
1238 2950 1278 3020 qui
1294 2949 1342 3004 illie

362 3031 509 3100 appellatur,
524 3028 655 3085 Troianam
665 3032 851 3094 substituemnt.
871 3034 983 3087 nimirum
994 3032 1049 3104 quia
1061 3033 1147 3088 satirae
1157 3033 1273 3104 septimae
1281 3040 1341 3088 tem·

362 3130 421 3184 pns.
433 3114 471 3167 cni
483 3129 547 3168 nuno
557 3114 647 3170 Paridis
658 3117 735 3171 irrisio
746 3118 834 3171 inserta
846 3126 896 3183 est,
911 3132 966 3171 eum
977 3117 1028 3187 ipsa
1039 3114 1111 3172 hrrida
1121 3117 1237 3171 irrisionis
1248 3118 1342 3189 origine

362 3198 536 3259 oonludernntz
554 3199 619 3271 qnod
635 3215 666 3254 ne
681 3201 735 3272 quis
753 3209 834 3255 vetere
846 3202 893 3256 lide
908 3203 997 3255 lactum
1008 3200 1140 3265 existimet,
1153 3201 1230 3255 eidem
1242 3202 1342 3257 Traiano

362 3282 470 3336 Paridem
483 3285 656 3351 pantomimum
668 3284 740 3339 trihui
756 3285 878 3349 adventata
889 3286 964 3340 immo
975 3300 1005 3339 ne
1016 3286 1105 3339 bellurn
1117 3286 1213 3356 quidem
1229 3287 1274 3339 suh
1286 3286 1342 3342 'lra-

362 3368 416 3422 iano
429 3367 453 3421 in
465 3366 561 3421 Srotiae
571 3367 659 3423 linihns
670 3377 768 3441 gestum
778 3372 903 3431 novimnss
920 3370 1015 3442 quodsi
1032 3375 1146 3441 tyrannus
1156 3370 1203 3431 ille,
1219 3386 1293 3440 anrm
1303 3371 1342 3426 ln·

361 3450 469 3505 venalem
476 3452 622 3522 praedem
639 3453 721 3507 milido
738 3462 821 3509 mettre
831 3451 915 3509 Sootos
931 3455 1034 3516 iaceret,
1051 3452 1099 3508 hnc
1119 3453 1245 3509 stmmdae
1260 3456 1341 3511 omna

361 3550 433 3590 eausa
446 3535 532 3589 lenisse
542 3535 643 3600 dicitur,
660 3546 686 3592 ra
696 3536 729 3592 ihi
739 3538 920 3609 interficeretatr,
938 3539 1009 3593 otiam
1020 3537 1065 3591 hae
1074 3538 1208 3592 narratione
1219 3538 1248 3594 ad
1259 3538 1342 3595 llomi·

361 3619 419 3674 timi
432 3628 541 3688 tempora
551 3621 703 3685 remittimur,
715 3637 763 3692 qno
773 3622 906 3693 imperante
917 3620 1031 3693 Agricola
1040 3636 1061 3675 a.
1072 3623 1108 3679 84
1123 3635 1149 3690 p.
1161 3619 1219 3678 Chr.
1231 3624 1261 3679 ad
1272 3639 1342 3679 mon·

362 3714 412 3759 tern
424 3702 564 3773 Grampinm
580 3720 637 3760 oum
647 3708 841 3775 septentrionalis
855 3706 992 3761 Britanniae
1001 3704 1097 3773 populis
1116 3706 1203 3761 aeriter
1218 3708 1340 3771 conflixita

362 3786 465 3845 odwsa
477 3788 506 3841 ad
517 3788 592 3843 Tacit.
604 3791 687 3860 hgrie.
699 3806 723 3860 p.
733 3794 791 3849 194.
810 3789 890 3846 Unum
900 3796 973 3843 restat
985 3787 1049 3858 quod
1059 3802 1090 3843 ne
1100 3789 1140 3843 ille
1151 3790 1248 3859 quidem
1258 3805 1340 3862 pram·
