3434 4575
363 492 405 558 44
681 492 726 553 Μ.
744 491 837 554 vAL.
858 490 1084 554 MARTIALIS

490 643 617 704 Assidet
634 650 667 704 et
685 642 858 721 cathedris,
880 648 997 703 maesta
1013 645 1159 723 iuvenca,
1181 647 1254 708 tuis.

446 727 522 789 lnde
540 728 620 808 petit
635 733 758 788 eentum
772 725 942 808 pendentia
959 733 1042 787 teeta
1059 727 1227 809 columnis,

409 824 439 876 10
488 811 579 872 illine
597 812 726 892 Pompei
744 810 823 870 dona
839 824 1008 889 nemusque
1027 809 1150 891 duplex.

445 894 512 957 Nee
526 896 690 956 Fortunati
709 896 829 975 spernit
846 913 905 954 nee
923 892 1034 954 balnea
1049 894 1174 975 Fausti,

487 978 552 1041 Nee
571 977 673 1059 Grylli
691 981 837 1039 tenebras
854 975 1058 1056 Aeoliamque
1074 978 1172 1060 Lupia

445 1064 521 1124 Nam
537 1065 636 1124 ternis
653 1065 767 1123 iterum
782 1062 913 1122 thermis
930 1063 1106 1142 iterumque
1121 1061 1254 1130 lavatur.

488 1148 598 1208 Omnia
615 1166 683 1207 oum
698 1147 792 1224 feeit,
814 1144 871 1206 sed
883 1152 1036 1206 renuente
1055 1144 1131 1225 deo,

405 1231 539 1294 15Lotus
557 1230 595 1292 ad
612 1232 754 1311 Europes
772 1228 897 1311 tepidae
916 1231 1028 1290 buxeta
1045 1231 1199 1309 recurrit,

490 1314 524 1376 Si
543 1316 611 1394 quis
625 1316 670 1375 ihi
688 1333 792 1375 serum
804 1320 911 1394 carpat
928 1315 1042 1373 amiens
1059 1315 1131 1377 iter.

445 1399 508 1460 Per
525 1404 559 1459 te
576 1416 696 1479 perque
715 1406 813 1476 tuam,
833 1404 941 1459 veetor
957 1397 1087 1477 lascive,
1110 1395 1264 1478 puellam,
1297 1423 1303 1434 ·

488 1479 539 1542 Ad
559 1500 667 1544 eenam
684 1483 801 1544 Selium
820 1487 853 1542 tu
871 1501 964 1561 rogo,
985 1488 1091 1561 tauro,
1113 1501 1196 1543 voea.

850 1614 917 1677 XV.

447 1724 538 1805 Quod
553 1726 631 1788 nulli
650 1725 776 1788 ealieem
793 1732 878 1787 tuum
893 1727 1057 1808 propinas,

445 1813 586 1873 Humane
603 1813 695 1890 facis,
716 1812 852 1890 Horme,
874 1830 937 1870 non
955 1813 1098 1892 superbe.

804 1960 807 1965 '
845 1945 926 2009 XVI.

446 2057 553 2119 Zoilus
571 2064 726 2137 aegrotat:
748 2057 867 2118 iaciunt
883 2059 963 2119 hano
981 2056 1119 2138 stragula
1135 2057 1268 2118 febrem.

490 2140 523 2200 Si
541 2142 639 2201 fuerit
650 2160 757 2220 sanus,
779 2144 905 2202 coeoina
922 2141 996 2220 quid
1013 2141 1152 2202 facienti
1278 2204 1282 2211 ,

447 2222 531 2302 Quid
544 2230 631 2285 torus
647 2245 663 2284 a
679 2222 766 2304 Nilo,
789 2223 864 2305 quid
879 2225 995 2286 Sidone
1009 2227 1124 2286 tinctus
1139 2224 1262 2285 olenti?

489 2308 636 2370 Ostendit
648 2307 757 2370 stultas
773 2309 846 2388 quid
861 2312 921 2370 nisi
935 2312 1064 2371 morbus*
1074 2310 1172 2391 opes?

426 2391 535 2469 5Quid
550 2394 607 2453 tibi
624 2412 693 2454 eum
705 2393 856 2470 medicis?¹
878 2393 999 2455 dimitte
1013 2395 1200 2455 Machaonas
1215 2413 1333 2472 omnes.

489 2476 545 2537 Vis
555 2476 626 2537 fleri
641 2496 750 2557 sanus,
773 2476 909 2558 stragula
923 2496 1008 2538 sume
1022 2497 1099 2541 mea.

838 2611 931 2674 XVII.

449 2719 597 2785 Tonstrix
612 2721 751 2784 Suburae
765 2723 905 2785 faucibus
920 2722 1011 2784 sedet
1024 2723 1148 2803 primis,

447 2804 585 2867 Cruenta
597 2806 738 2888 pendent
752 2828 811 2888 qua
824 2806 948 2887 flagella
963 2812 1115 2868 tortorum

446 2888 586 2968 Argique
601 2890 697 2952 letum
715 2890 830 2952 multus
848 2892 972 2953 obsidet
985 2897 1080 2951 sutor.

447 2969 510 3032 Sed
524 2975 585 3034 ista
598 2976 747 3054 tonstrix,
766 2977 942 3055 Ammiano,
965 2995 1027 3035 non
1041 2975 1168 3054 tondet,

426 3055 518 3116 ‘Non
533 3056 660 3137 tondet,
682 3059 813 3137 inquam.
844 3058 926 3137 Quid
939 3061 1034 3139 igitur
1048 3060 1146 3121 faeit‘i
1172 3057 1277 3121 Radit.

827 3191 934 3255 xvffl.

447 3305 546 3384 Capto
560 3311 659 3383 tuam,
679 3302 777 3385 pudet
791 3305 870 3382 heu,
893 3301 950 3364 sed
964 3312 1070 3384 eapto,
1092 3306 1244 3386 Maxime,
1267 3325 1383 3385 cenam,

488 3387 538 3448 Τιι
554 3395 658 3470 eaptus
675 3388 781 3450 aliam:
801 3389 862 3447 iam
880 3406 1071 3467 sumusergo
1088 3408 1190 3470 pares.

445 3471 539 3533 Mane
555 3472 841 3551 salutatumvenio,
862 3478 897 3534 tu
914 3470 1027 3534 diceris
1042 3474 1105 3533 isse

486 3557 569 3617 Ante
588 3555 768 3618 salutatum:
789 3558 850 3617 iam
864 3576 965 3617 sumus
981 3576 1054 3635 ergo
1071 3576 1172 3637 pares.

423 3637 521 3701 osum
537 3659 640 3701 eomes
653 3642 722 3722 ipse
736 3650 806 3701 tuus
820 3640 993 3721 tumidique
1009 3638 1204 3702 anteambulo
1222 3642 1324 3722 regis,

488 3723 538 3784 Tu
553 3743 655 3786 eomes
670 3724 814 3786 alterius:
835 3726 896 3786 ium
914 3745 1015 3786 sumus
1031 3744 1105 3804 ergo
1121 3744 1223 3805 pares.
