3434 4575
579 493 918 555 urioRAMMA'mN
930 493 1005 555 LlB.
1021 495 1043 558 Ι.
1291 491 1334 560 37

382 645 454 705 Otia
468 643 506 704 da
521 645 628 723 nobis,
651 644 707 704 sed
723 642 824 722 qualia
837 643 959 704 fecerat
972 642 1046 705 olim

416 730 583 790 Maecenas
597 728 709 788 Flacco
724 727 928 806 Vergilioque
944 747 1014 788 suo:

353 812 523 875 scondere
537 813 671 872 victuras
685 817 835 892 temptem
848 829 907 890 per
921 810 1044 872 saecula
1057 832 1145 874 curas

419 897 462 958 Et
475 914 588 956 nomen
602 897 732 956 flammis
749 896 902 976 eripuisse
917 915 1027 958 meum.

373 980 408 1041 lu
422 979 548 1041 steriles
562 978 674 1049 nolunt
688 998 811 1060 campos
825 981 897 1057 iuga
911 980 997 1040 ferre
1012 981 1152 1041 iuvenci:

417 1063 537 1143 Pingue
552 1062 650 1124 solum
664 1063 775 1141 lassat,
790 1062 847 1123 sed
861 1064 946 1123 iuvat
962 1066 1031 1144 ipse
1046 1063 1148 1130 labor.

756 1197 863 1260 CVlll.

373 1309 432 1371 Est
446 1310 505 1369 tibi
519 1311 621 1388 sitque
640 1327 754 1387 precor
767 1309 880 1369 multos
896 1312 1079 1387 crescatque
1093 1329 1151 1389 per
1166 1329 1261 1372 annos

416 1390 552 1452 Pulchra
566 1391 712 1471 quidem,
734 1411 841 1453 verum
855 1392 1079 1453 transtiberina
1094 1392 1218 1455 domusz

373 1479 415 1537 At
429 1494 498 1536 mea
515 1477 667 1556 Vipsanas
683 1481 825 1556 spectant
840 1474 985 1537 cenacula
1000 1474 1121 1557 laurus,

414 1559 529 1623 Faetus
544 1561 576 1619 in
590 1561 648 1621 hac
663 1578 721 1638 ego
739 1579 805 1621 sum
818 1561 879 1620 iam
893 1561 1023 1638 regione
1037 1579 1140 1624 senex.

351 1642 572 1722 bbligrandum
588 1650 655 1722 est,
677 1650 713 1703 ut
725 1662 814 1703 mane
829 1643 913 1704 domi
927 1649 976 1721 te,
997 1642 1103 1725 Galle,
1124 1645 1271 1708 salutem:

414 1729 457 1787 Es
471 1729 567 1806 tanti,
589 1727 640 1788 vel
655 1729 681 1787 si
701 1727 824 1806 longius
837 1726 893 1788 illa
906 1727 1000 1790 foret.

374 1810 438 1871 Sed
452 1813 511 1872 tibi
525 1831 588 1871 non
604 1809 734 1872 multum
748 1817 813 1889 est,
835 1831 929 1872 unum
943 1812 970 1894 ai
986 1819 1112 1892 praesto
1126 1819 1280 1892 togatum:

415 1894 552 1955 Multum
566 1900 631 1973 est,
653 1896 735 1955 hune
748 1914 841 1955 uuum
857 1897 884 1955 si
898 1895 990 1972 mihi,
1013 1892 1121 1975 Galle,
1143 1916 1232 1976 nego.

376 1979 450 2059 lpse,
462 1977 601 2039 salutabo
617 1978 736 2040 decima
750 1985 783 2038 te
800 1981 922 2061 saepius
936 1978 1028 2038 hora:

330 2073 365 2125 10
413 2062 507 2123 Mane
524 2065 580 2124 tibi
593 2083 652 2143 pro
667 2062 815 2124 medicat
830 2082 935 2126 avaro
949 2060 1041 2124 liber.

773 2197 850 2258 cut

372 2310 435 2370 lasa
450 2316 499 2370 est
511 2326 639 2389 passere
652 2312 784 2390 nequior
799 2310 931 2389 catulli,

371 2394 435 2454 lssa
449 2400 499 2454 est
511 2394 620 2473 purior
638 2394 744 2455 osculo
760 2394 936 2475 columbae,

374 2478 436 2537 Issa
454 2484 503 2538 est
517 2474 661 2537 blandior
676 2480 817 2539 omnibus
832 2478 964 2560 puellis,

372 2561 436 2620 lssa
451 2567 500 2621 est
515 2563 616 2622 carior
629 2562 743 2625 Indicis
757 2560 888 2642 lapillis,

351 2644 439 2707 tlssa
453 2650 502 2705 est
517 2643 648 2705 deliciae
663 2644 774 2707 catella
786 2645 887 2707 Publi.

372 2728 462 2789 Hanc
472 2735 524 2807 tu,
543 2730 569 2789 si
584 2732 742 2809 queritur,
761 2729 850 2809 loqui
863 2732 1004 2810 putabis;

373 2811 478 2872 Sentit
494 2814 712 2893 tristitiamque
727 2813 942 2893 gaudiumque.

375 2893 466 2955 Collo
481 2898 552 2957 nixa
566 2899 658 2957 cubat
672 2901 816 2979 capitque
831 2917 972 2978 somnos,

371 2978 415 3039 Ut
429 2981 562 3059 suspiria
574 2979 663 3041 nulla
677 2984 867 3058 sentiantur3

331 3063 412 3125 tout
427 3062 584 3124 desiderio
600 3072 706 3125 coacta
715 3068 834 3126 ventris

373 3147 469 3208 (lutta
483 3146 576 3229 pallia
592 3168 655 3210 non
669 3148 788 3210 fefellit
802 3147 884 3229 ulla,

347 3256 349 3258 ¹
373 3229 437 3291 Sed
451 3230 563 3291 blando
578 3232 660 3313 pede
673 3236 801 3294 suscitat
814 3240 947 3314 toroque

372 3315 495 3395 Deponi
508 3323 614 3377 mouet
628 3323 662 3377 et
673 3325 763 3398 rogat
774 3317 882 3384 levari.

372 3398 483 3460 (lastae
499 3405 602 3461 tantus
615 3402 699 3461 inest
712 3400 814 3483 pudor
828 3400 975 3483 catellae,

331 3491 364 3543 15
372 3482 497 3560 Ignorat
510 3484 685 3561 Venerem
706 3504 765 3546 nec
779 3487 951 3547 invenimus

372 3566 505 3645 Dignum
519 3574 582 3628 tam
595 3575 706 3629 tenera
722 3572 821 3630 virum
834 3569 950 3651 puella.

371 3649 511 3711 Hancne
524 3650 577 3713 lux
591 3654 692 3733 rapiat
704 3672 847 3734 suprema
859 3661 973 3733 totam,

372 3732 461 3797 Picta
474 3733 604 3798 Publius
619 3738 765 3817 exprimit
778 3735 912 3817 tabella,
