3434 4575
428 457 492 523 124
750 468 793 528 M.
811 466 902 530 VAL.
920 466 1142 528 MARTIALIS

880 665 1015 728 LXVIII.

510 779 624 837 Arctoa
639 776 678 837 de
696 784 788 856 gente
804 798 920 838 comam
935 780 1008 856 tibi,
1030 780 1158 859 Lesbia,
1181 784 1268 862 misI,

551 862 594 922 Ut
608 862 722 939 scires,
746 868 858 940 quanto
873 865 914 922 sit
929 868 981 922 tua
994 865 1070 923 flava
1082 866 1187 943 magis.
1207 897 1218 916 ·

891 996 999 1060 LXIX.

507 1109 623 1168 Anto'ni
637 1109 750 1169 Phario
764 1108 810 1169 nil
826 1111 986 1170 obiecture
1004 1109 1137 1168 Pothino

548 1194 591 1254 Et
603 1191 704 1253 levius
718 1192 841 1271 tabula,
865 1213 953 1272 quarn
966 1195 1119 1253 Cicerone
1132 1213 1266 1256 nocens:

509 1275 589 1352 Quid
605 1276 738 1355 gladium
754 1276 882 1336 demens
899 1279 1034 1337 Romana
1048 1277 1174 1356 stringis
1192 1281 1224 1338 in
1244 1282 1326 1343 ora‘l

549 1361 618 1420 Hoc
636 1359 811 1420 admisisset
825 1379 883 1420 nec
899 1359 1032 1422 Catilina
1046 1361 1142 1421 nefas.
1288 1439 1291 1443 ἲ

488 1445 623 1524 51ιιιρ1ιιι
639 1443 765 1504 infando
781 1443 872 1504 miles
887 1445 1094 1523 corrumpitur
1109 1465 1199 1523 auro,

548 1530 591 1588 Et
604 1529 699 1588 tantis
714 1529 824 1608 opibus
837 1548 895 1588 vox
911 1535 993 1589 tacet
1007 1548 1066 1588 una
1081 1530 1147 1592 tibi.

508 1612 589 1689 Quid
603 1618 734 1692 prosunt
748 1630 854 1673 sacrae
868 1613 1006 1693 pretiosa
1021 1610 1144 1672 silentia
1157 1611 1308 1692 linguae?

549 1698 701 1776 Incipient
716 1715 821 1756 omnes
835 1716 893 1777 pro
909 1697 1062 1757 Cicerone
1075 1694 1169 1776 loqui.

896 1830 990 1894 LXX.

461 1998 465 2010 ,
507 1944 641 2005 Infusum
657 1946 716 2005 sibi
731 1964 830 2026 nuper
845 1967 862 2005 a
875 1951 1007 2026 patrono

506 2026 653 2106 Plenum,
676 2030 826 2107 Maxime,
849 2030 990 2089 centiens
1006 2027 1147 2107 Syriscus

506 2113 539 2172 In
554 2110 722 2173 sellariolis
735 2132 827 2192 vagus
842 2115 966 2193 popinis
1017 2163 1019 2168 .

506 2197 598 2257 Circa
611 2197 721 2257 balnea
737 2204 881 2276 quattuor
895 2196 1027 2276 peregit.

429 2302 431 2306 ·
483 2280 534 2342 50
550 2286 662 2360 quanta
676 2287 726 2340 est
738 2281 822 2361 gula,
838 2282 979 2343 centiens
994 2281 1146 2341 comesse!

507 2365 628 2441 Quanto
640 2366 737 2425 maior
753 2365 870 2445 adhuc,
891 2385 950 2425 nec
966 2366 1130 2426 accubare!

888 2501 994 2563 LXXI.

505 2613 639 2674 Humida
654 2634 714 2693 qua
730 2613 848 2693 gelidas
863 2617 1026 2675 summittit
1041 2612 1179 2675 Trebula
1192 2608 1292 2672 valles

545 2699 588 2758 ut
603 2698 711 2758 viridis
726 2701 829 2760 cancri
845 2701 1001 2759 mensibus
1016 2696 1100 2778 al'get
1113 2716 1201 2777 ager,

503 2781 587 2842 Rura
604 2781 760 2844 Cleonaeo
777 2803 933 2862 nunquam
946 2790 1098 2844 temerata
1110 2779 1204 2842 leone

545 2867 588 2926 ut
602 2865 709 2926 domur
724 2866 833 2928 Aeolio
849 2886 974 2947 semper
989 2870 1085 2928 amica
1099 2867 1196 2943 Noto,

484 2947 572 3028 5Te,
594 2950 757 3029 Faunine,
778 2956 904 3011 vocant:
926 2949 1035 3031 longas
1049 2951 1097 3011 his
1113 2952 1202 3029 exige
1218 2966 1338 3009 messes

548 3031 708 3109 Collibus3
729 3034 893 3096 hibernum
907 3037 967 3095 iam
979 3037 1037 3097 tibi
1052 3035 1151 3096 Tibur
1166 3034 1234 3093 erit.

884 3183 1002 3245 LXXII.

504 3292 563 3370 Qui
578 3294 678 3373 potuit
694 3293 807 3354 Bacchi
821 3301 951 3356 matrem
967 3294 1081 3355 dixisse
1095 3297 1270 3368 tonantem,

544 3374 600 3436 lile
615 3384 719 3458 potest
734 3378 880 3440 Semelen
895 3378 1017 3455 dicere,
1038 3377 1135 3456 Rufe,
1155 3382 1282 3456 patrem.

873 3511 1006 3574 LXXIII.

503 3623 572 3683 Non
588 3623 699 3685 donem
715 3626 772 3685 tibi
788 3645 843 3686 cur
857 3642 943 3683 meos
956 3622 1082 3685 libellos

504 3706 614 3767 Oronti
629 3711 745 3769 totiens
760 3713 793 3769 et
808 3708 961 3786 exigenti,

352 3991 481 4043 Α.
