3434 4575
427 351 441 375 ⁶
541 349 883 411 EPIGRAMMA'I'ON
896 349 969 410 LlB.
988 306 1065 408 XIII.
1124 330 1129 340 ⁸
1262 347 1322 411 311
1386 309 1388 314 Ι

590 547 698 607 XXXI.
726 546 843 633 Gnaeos
864 545 1016 607 Vestibus.

368 662 483 724 Sicine
499 677 592 720 carne
608 657 693 718 voles
708 657 862 717 ientaculo
877 675 999 718 sumere
1014 657 1113 734 frugi,

408 747 494 805 Ilaec
508 745 566 804 tibi
581 743 711 805 Vestino
727 740 767 800 de
781 759 876 820 grege
892 761 989 801 massa
1003 742 1096 800 venit.

514 918 518 924 .
593 875 715 936 xxxo.
741 844 859 936 caim
868 876 1020 953 fumosus.

365 979 433 1038 Non
449 992 660 1054 quemcunque
678 975 798 1050 focum,
820 992 879 1032 nec
893 973 1009 1032 fumum
1024 991 1129 1033 caseus
1144 991 1282 1050 omnem,

408 1060 472 1121 Sed
487 1057 711 1121 Velabrensem
726 1058 888 1136 quibibit,
910 1055 966 1117 ille
980 1058 1068 1138 sopit.

577 1192 714 1253 XXXIII.
738 1190 831 1258 Casei
849 1191 1026 1252 boboloni.

367 1289 505 1352 Trebula
518 1310 575 1350 nos
591 1291 714 1368 gennit3
736 1289 930 1349 commendat
944 1291 1042 1368 gratia
1058 1288 1187 1369 duplex,

408 1376 478 1435 Sive
492 1372 554 1434 levi
566 1375 706 1450 damma,
728 1375 792 1434 sive
807 1373 966 1433 domamur
981 1393 1067 1452 equa.

670 1507 807 1569 XXXIV.
831 1507 938 1570 Bolos.

366 1609 443 1668 Gom
457 1609 498 1667 sit
512 1626 586 1666 anus
603 1608 736 1664 coniunx
751 1611 784 1664 et
798 1606 865 1664 siut*
874 1606 933 1664 tibi
946 1610 1067 1663 mortua
1081 1606 1226 1676 membra,

406 1690 459 1752 Nil
473 1689 555 1751 aliud
570 1688 673 1749 bulbis
688 1708 777 1767 quam
793 1695 878 1748 satur
893 1705 963 1748 esse
976 1694 1076 1766 potes.

633 1821 757 1883 XXXV.
782 1822 970 1882 Lucanicae.

345 2000 347 2002 q
366 1921 447 1983 Filia
459 1923 594 1982 Picenae
611 1922 701 1981 venio
716 1920 870 1981 Lucanica
882 1938 1012 2001 porcae:

407 2005 549 2066 Pultibus
563 2006 637 2065 hinc
652 2007 750 2065 niueis
766 2010 853 2084 grata
869 2025 983 2065 corona
997 2002 1095 2066 datur.

566 2140 703 2202 XXXVI.
730 2137 859 2199 Oistello
876 2141 1035 2200 olivarum.
1166 2165 1173 2178 ·

364 2237 469 2313 llaec,
493 2256 569 2314 quae
585 2239 708 2298 Picenis
723 2238 809 2298 venit
824 2237 974 2300 subducto
988 2227 1136 2320 trapetis,

406 2320 534 2379 Inchoat
548 2326 640 2398 atque
659 2320 765 2382 eadem
779 2323 849 2382 finit
862 2321 942 2382 oliuo
956 2321 1061 2403 dapes.

608 2454 759 2518 XXXVII.
783 2455 872 2515 Molo
887 2457 995 2517 citrea.
1079 2469 1084 2478 '

366 2549 428 2609 Aut
443 2550 611 2630 Corcyraei
627 2559 698 2614 sont
712 2555 789 2613 lraec
805 2552 844 2612 de
859 2551 1023 2612 frondibus
1038 2545 1138 2632 horti,

406 2634 470 2693 Aut
484 2636 561 2697 hoec
576 2635 708 2718 Massyli
722 2657 813 2717 poma
830 2634 972 2696 droconis
989 2643 1087 2697 erant.

611 2770 776 2832 XXXVIII.
803 2769 1017 2832 Oolostrom.'

364 2867 521 2949 Surripuit
534 2875 642 2947 pastor
661 2886 738 2946 qnae
754 2854 890 2927 nondum
904 2870 1055 2929 stantibus
1069 2865 1179 2928 haedis

403 2952 449 3012 De
463 2954 563 3033 primo
579 2957 710 3012 matrum
723 2948 806 3010 lacte
823 2950 960 3014 colostra
974 2951 1087 3013 damus.
1146 3036 1150 3042 ⁵

525 3084 529 3090 ’
645 3085 782 3147 XXXIX.
807 3086 949 3147 Haeduo.

362 3182 523 3241 LoscIvum
536 3199 632 3259 pecus
649 3190 681 3242 et
696 3182 789 3242 viridi
804 3203 866 3243 non
881 3182 959 3242 utile
973 3184 1094 3241 Baccho

406 3265 615 3343 Detpoena13
635 3268 742 3325 nocuit
758 3268 818 3323 iam
833 3273 926 3325 tener
939 3263 995 3325 ille
1011 3265 1079 3327 deo,

717 3394 782 3457 XL.
807 3397 882 3457 Ova.

362 3492 500 3554 Candida
515 3494 543 3552 si
556 3513 683 3554 croceos
698 3495 882 3554 circumfluii
895 3494 976 3555 unda
987 3494 1129 3572 vitellos,
1240 3560 1242 3562 ,

404 3577 575 3657 Hesperius
591 3578 724 3639 scombri
737 3584 894 3658 temperet
911 3599 965 3640 ova
978 3578 1083 3659 liquor
