3434 4575
440 455 482 519 86
762 456 806 518 Μ.
822 454 916 518 VAL.
932 456 1159 517 MARTIALIS

566 607 676 686 Qualia
691 609 743 688 qui
758 609 889 668 Phariae
906 608 1044 686 coniugis
1059 629 1142 669 arma
1157 609 1240 674 tulit.

502 692 734 756 tExcideratne
751 691 828 752 adeo
843 693 941 752 fatum
956 693 1014 752 tibi
1033 695 1165 754 nominis
1180 695 1291 776 huius,

430 847 432 852 ,
472 827 475 832 .
568 777 682 838 Obruit
696 777 816 836 Actiaci
832 775 916 854 quod
931 777 1031 855 gravia
1045 778 1092 837 ira
1107 778 1207 838 freti?

525 864 574 922 An
590 864 648 922 tibi
663 862 807 942 promisit
819 859 948 920 Rhenus
964 859 1047 938 quud
1061 881 1124 921 nun
1142 861 1231 923 dedit
1244 861 1293 927 illi

565 944 671 1025 Nilus,
695 952 728 1005 et
740 946 866 1006 Arctois
881 943 951 1024 plus
965 944 1106 1006 licuisset
1121 947 1231 1025 aquis?

522 1028 582 1092 Ille
598 1033 690 1091 etiam
705 1030 821 1089 nostris
837 1029 990 1089 Antonius
1008 1029 1123 1089 occidit
1138 1032 1249 1110 armis,

482 1125 517 1177 10
564 1116 622 1192 Qui
637 1116 695 1175 tibi
712 1112 857 1192 collatus,
879 1113 1018 1193 perfide,
1041 1114 1155 1174 Caesar
1171 1122 1248 1179 erat.

929 1228 995 1289 llll.

524 1325 627 1406 Nulli,
651 1327 747 1406 Thai,
769 1347 883 1407 negas,
906 1327 963 1388 sed
978 1329 1005 1388 si
1020 1333 1052 1387 te
1067 1346 1129 1388 non
1143 1326 1242 1407 pudet
1255 1329 1361 1411 istud,
1437 1349 1440 1354 ’

565 1413 634 1472 Hoc
649 1409 752 1471 saltim
767 1411 900 1492 pudeat,
924 1412 1022 1491 Thai,
1043 1429 1159 1490 negare
1175 1410 1265 1476 nihil.

923 1527 1001 1588 Xlll.

524 1623 667 1702 Claudia,
689 1624 787 1703 Rufe,
809 1644 877 1685 meo
893 1626 982 1685 nubit
996 1625 1167 1704 Peregrina
1179 1622 1334 1687 Pudenti:

565 1705 670 1769 Macte
689 1715 757 1769 esto
771 1709 888 1788 taedis,
912 1710 1142 1788 ollymenaee,
1164 1710 1235 1770 tuis.

525 1794 603 1855 Tam
617 1795 698 1853 bene
714 1814 783 1854 rara
798 1813 853 1854 suo
869 1795 1039 1853 miscentur
1057 1795 1195 1854 cinnama
1210 1792 1330 1874 nardo,

565 1879 699 1940 Massica
713 1877 847 1939 Theseis
862 1884 924 1938 tam
939 1879 1021 1937 bene
1035 1878 1104 1938 rina
1119 1878 1213 1952 favi13
1264 1882 1267 1888 '

501 1961 590 2026 5Ncc
606 1960 716 2023 melius
730 1964 850 2023 teneris
865 1964 1033 2040 iunguntur
1047 1963 1160 2022 vitibus
1175 1959 1269 2038 ulmi,

565 2046 632 2108 Nec
646 2045 714 2126 plus
727 2044 810 2107 lotos
828 2066 937 2126 aquas,
955 2044 1050 2106 litora
1064 2052 1182 2124 myrtus
1199 2051 1288 2107 amat.

524 2130 663 2193 Candida
676 2136 829 2210 perpetuo
845 2129 970 2208 reside,
992 2128 1182 2208 Concordia,
1203 2127 1308 2209 lecto,

567 2215 707 2294 Tamque
721 2215 789 2293 pari
804 2232 929 2293 semper
944 2214 986 2272 sit
1000 2213 1107 2275 Venus
1124 2232 1221 2294 acqua
1234 2215 1318 2295 iugo.

523 2299 640 2378 Diligat
653 2297 708 2358 illa
723 2316 830 2357 senem
846 2296 1015 2377 quondam,
1037 2298 1094 2358 sed
1109 2300 1222 2379 etipsa
1236 2300 1350 2361 marito

481 2395 516 2448 10
566 2384 646 2443 Tum
660 2400 783 2460 quoque
797 2401 864 2441 cum
878 2382 992 2460 fuerit,
1012 2401 1073 2442 non
1086 2381 1228 2443 videatur
1243 2403 1330 2446 anus.

920 2516 1021 2579 XIV„

523 2615 599 2696 Sili,
623 2614 812 2677 Castalidum
826 2613 921 2675 decus
935 2633 1093 2693 sororum,

524 2701 584 2777 Qui
599 2701 738 2781 periuria
750 2700 875 2760 barbari
890 2700 1007 2759 furoris
1051 2712 1054 2716 ’

523 2784 645 2863 Ingenti
657 2786 773 2865 premis
789 2803 845 2844 ore
859 2782 1060 2864 perfidosque

522 2867 616 2928 Astus
632 2868 813 2929 Hannibalis
825 2869 973 2948 levesque
987 2868 1110 2928 Poenos

502 2950 649 3029 aMagnis
664 2951 778 3011 cedere
797 2953 887 3030 cogis.
897 2953 1069 3013 Africanis:

522 3035 651 3097 Paulum
666 3036 803 3115 seposita
816 3037 1001 3113 severitate,

523 3119 600 3180 Dum
614 3118 729 3180 blanda
744 3136 836 3196 vagus
852 3117 919 3179 alea
933 3120 1106 3180 December

522 3204 653 3265 incertia
669 3208 759 3263 sonat
773 3202 846 3262 hinc
861 3209 894 3263 et
906 3204 979 3263 hinc
996 3202 1116 3264 fritillis

521 3290 565 3350 Et
577 3288 658 3350 ludit
670 3292 761 3368 tropa
775 3288 927 3366 nequiore
942 3284 1023 3365 talo,

427 3379 435 3396 ⁸
481 3372 645 3434 10Nostris
659 3374 723 3432 otia
737 3370 896 3432 commoda
911 3373 1070 3449 Camenis,

521 3457 588 3527 Nec
601 3465 690 3518 torva
702 3455 775 3535 lege
789 3456 911 3533 fronte,
932 3454 987 3515 sed
1001 3456 1129 3516 remissa

521 3540 657 3603 Lascivis
672 3540 809 3601 madidos
824 3541 901 3600 iocis
913 3538 1050 3601 libellos.

523 3626 575 3685 Sic
588 3628 695 3686 forsan
708 3631 799 3686 tener
815 3643 904 3684 ausus
920 3630 969 3685 est
984 3622 1125 3686 (latullus

522 3709 636 3789 Magno
651 3711 777 3770 mittere
791 3727 950 3789 passerem
964 3710 1098 3772 Maroni.

361 3959 488 4043 Q
