3434 4575
338 471 341 475 ⁴
426 473 445 532 8
753 485 789 535 Ι).
810 486 882 536 [ΠΝ.
905 486 1092 538 multotum

428 626 590 688 Montanum
609 627 712 706 positis
734 627 847 689 audiret
870 628 976 705 vulgus
997 630 1110 689 aratris.

428 710 502 784 Quid
524 727 581 770 non
605 711 790 790 proclames,
812 713 841 771 in
864 729 992 791 corpore
1015 713 1118 774 iudicis
1141 715 1196 776 ista

426 798 457 855 Si
477 791 602 856 videas?
623 813 734 876 quaero
755 814 791 856 an
813 796 939 858 deceant
959 796 1086 858 multicia
1110 798 1236 860 testem?
1355 870 1358 876 ,

426 880 507 941 Acer
529 889 558 941 et
581 879 735 941 indomitus
757 879 960 960 libertatisque
983 882 1139 960 magister,

426 961 562 1041 Creticc,
581 963 734 1041 perluces!
756 963 845 1025 Dedit
866 965 941 1026 lranc
964 968 1099 1044 contagio
1121 966 1217 1026 labem

426 1047 462 1108 lit
484 1048 562 1110 dabit
582 1050 611 1108 in
634 1048 751 1127 plnres:
778 1050 852 1109 sicut
872 1068 947 1127 grex
970 1060 1046 1110 totus
1067 1052 1095 1110 in
1115 1053 1193 1129 agris

426 1131 515 1194 Unius
536 1133 636 1194 scabie
660 1133 737 1194 cadit
760 1142 789 1194 et
811 1135 962 1213 porrigine
986 1136 1084 1214 porci,

426 1217 546 1297 Unaque
570 1226 728 1296 conspecta
752 1217 876 1279 livorem
898 1218 976 1279 ducit
997 1219 1034 1279 ab
1057 1237 1121 1278 uva.

425 1300 552 1364 Foedius
575 1302 633 1362 boc
654 1301 763 1381 aliquid
786 1302 961 1382 quandoque
984 1303 1108 1364 audebis
1129 1304 1250 1365 amictu:

426 1385 518 1446 Nemo
540 1395 664 1465 repente
687 1386 740 1446 luit
761 1388 961 1465 turpissimus:
984 1388 1129 1466 accipient
1151 1397 1180 1448 te

424 1470 579 1546 Paulatim,
600 1471 649 1550 qui
672 1470 759 1547 longa
782 1470 858 1531 domi
880 1470 1048 1532 redimicula
1071 1481 1183 1532 sumunt

425 1553 580 1615 Frontibus
602 1564 632 1615 et
655 1563 716 1614 toto
743 1571 872 1634 posuere
893 1555 1009 1616 monilia
1032 1555 1129 1632 collo,

427 1640 522 1719 Atque
542 1638 651 1700 Bnnam
672 1648 794 1699 tenerae
818 1639 934 1718 placant
957 1640 1113 1701 abdomine
1135 1658 1244 1719 porcae

426 1721 462 1784 Et
483 1741 588 1803 magno
611 1733 727 1784 cratere
750 1722 858 1791 Deam:
887 1725 939 1785 sed
962 1740 1043 1786 more
1067 1726 1183 1785 sinistro

425 1807 579 1887 Exagitata
601 1809 705 1888 procul
725 1826 782 1869 non
804 1811 891 1869 intrat
912 1809 1018 1870 lemine
1041 1811 1143 1877 limen;

425 1893 503 1954 Solis
525 1911 575 1954 ara
597 1893 671 1954 deae
692 1893 819 1954 maribus
840 1904 930 1971 patet.
962 1894 1006 1955 lte
1028 1894 1184 1974 profanae!

425 1974 587 2047 clamatum
610 1978 690 2039 nullo
712 1979 802 2056 gemit
823 1978 871 2038 hic
892 1978 1008 2039 tibicina
1033 1996 1131 2039 cornu.

424 2061 505 2123 'lalia
528 2071 644 2123 secreto
668 2062 820 2122 coluerunt
843 2064 925 2141 orgia
948 2064 1034 2124 taeda

426 2143 601 2226 Cecropiam
620 2146 698 2206 soliti
721 2145 832 2224 Baptae
856 2145 969 2207 lassare
993 2145 1122 2223 Cotytto.

424 2227 477 2292 illo
500 2230 687 2310 supercilium
709 2230 822 2291 madido
844 2229 967 2309 fuligine
991 2240 1097 2292 tactum

425 2314 548 2395 Obliqua
572 2315 707 2395 producit
729 2333 783 2376 acu
806 2315 955 2394 pingitque
978 2326 1137 2377 trementes

426 2399 574 2460 Attollens
591 2399 710 2460 oculos:
731 2400 827 2460 vitreo
846 2398 918 2460 bibit
936 2400 986 2461 ille
1010 2403 1131 2480 priapo,

426 2483 648 2565 Reticulumqoe
669 2485 761 2545 cornis
783 2493 913 2544 auratum
930 2486 1096 2563 ingentibus
1120 2486 1219 2565 implet

425 2567 570 2630 Caerulea
591 2569 707 2630 indotns
729 2568 871 2629 scutulata
888 2579 937 2630 aut
959 2570 1075 2648 galbina
1099 2590 1180 2647 rasa,

424 2652 461 2715 Et
484 2672 539 2732 per
558 2652 697 2714 lunonem
719 2653 825 2715 domiui
847 2655 959 2714 iurante
979 2656 1119 2715 ministro.

424 2738 478 2799 lllc
498 2746 579 2798 tenet
601 2738 770 2817 speculum,
795 2738 904 2816 pathici
926 2749 1077 2817 gestamen
1101 2738 1239 2816 Othonis,

427 2822 543 2881 Actoris
566 2822 694 2883 Aurunci
716 2822 858 2901 spolium,
884 2841 941 2904 quo
965 2843 998 2883 se
1020 2824 1071 2885 ille
1089 2824 1207 2885 videbat
1233 2900 1236 2907 Ι
1368 2836 1420 2889 1⁰⁰

424 2906 587 2982 domatum,
610 2925 696 2985 quum
717 2909 771 2967 iarn
791 2906 855 2967 tolli
876 2907 985 2969 vexilla
1009 2908 1132 2969 iuberet.
1365 2905 1367 2908 ’

425 2990 484 3050 lies
505 2991 690 3051 memoranda
714 2992 798 3051 novis
819 2992 971 3053 annalibus
993 3002 1080 3073 atque
1102 3003 1215 3054 recenti

425 3074 566 3151 Historia,
590 3075 741 3154 speculum
763 3074 857 3136 civilis
880 3078 994 3138 sarcina
1017 3078 1104 3140 belli!

424 3157 561 3219 Nimirum
584 3160 684 3219 sumnri
702 3160 784 3219 ducis
808 3170 853 3219 est
875 3162 1014 3240 occidere
1038 3161 1157 3223 Galbam

424 3242 460 3303 lit
480 3262 582 3304 curare
606 3253 715 3308 cutem:
736 3244 836 3304 summi
858 3247 1018 3306 constantia
1044 3248 1133 3322 civis,
1370 3261 1417 3311 105

424 3326 557 3388 Bebriaci
581 3345 684 3406 campo
706 3327 831 3407 spolium
853 3330 993 3391 affectare
1016 3330 1106 3391 Palati

424 3410 461 3471 lit
483 3429 615 3490 pressum
638 3414 665 3471 in
688 3412 793 3472 faciem
816 3412 912 3492 digitis
937 3416 1097 3475 extendere
1121 3433 1239 3493 panem:

426 3494 511 3569 Quod
535 3515 592 3558 nec
613 3499 640 3557 in
654 3497 777 3573 Assyrio
802 3497 967 3576 pharetrata
990 3499 1157 3560 Semiramis
1180 3499 1263 3575 orbe,

423 3577 537 3642 Maesta
559 3600 616 3643 nec
637 3581 758 3642 Actiaca
783 3580 853 3641 lecit
876 3579 1035 3661 Cleopatra
1055 3584 1162 3644 carina.

425 3662 478 3725 llic
499 3664 595 3726 nullus
616 3666 715 3727 verbis
740 3666 834 3746 pudor
853 3676 901 3726 aut
921 3668 1085 3728 reverentia
1108 3686 1245 3740 mensee;
1369 3680 1418 3736 llo

425 3747 478 3809 llic
501 3752 593 3827 turpis
616 3749 744 3827 Cybeles
768 3759 797 3811 et
819 3750 912 3811 iracta
934 3767 1010 3812 voce
1033 3751 1171 3832 loquendi
