3434 4575
432 493 472 556 84
754 504 790 552 u.
812 503 884 552 run.
908 502 1097 552 ruvuuucrs

433 646 508 720 Quid
530 645 640 705 sentire
658 653 742 724 putas
766 661 884 721 omnes,
907 643 1044 721 Galuine,
1068 645 1180 706 recenti
1408 659 1425 710 s

430 731 476 791 Ile
500 729 617 790 scelere
640 739 670 790 et
691 729 758 790 lidei
780 728 908 790 violatae
930 727 1071 790 crimine?
1093 730 1147 790 sed
1168 748 1223 790 nec

431 815 501 876 'l'am
521 815 617 874 tenuis
639 831 745 875 census
763 813 815 875 tibi
838 814 976 893 contigit,
999 824 1029 875 ut
1051 815 1209 876 mediocris

431 901 562 961 iacturae
582 907 612 959 te
635 907 748 977 mergat
770 917 858 976 onus,
882 918 938 960 nec
954 916 1019 961 rara
1041 900 1184 977 videmus,

432 985 514 1059 Quae
536 984 663 1064 puteris;
687 1002 772 1045 casus
792 984 888 1045 multis
911 984 959 1045 bic
981 985 1115 1064 cognitus
1138 1003 1173 1046 ac
1196 985 1250 1046 iam

431 1069 527 1130 'l'ritus
550 1077 579 1130 et
602 1068 737 1129 emedio
761 1069 894 1130 fortunae
916 1068 1020 1129 ductus
1040 1086 1158 1130 aceruo.
1393 1081 1425 1133 lo

431 1155 573 1217 Ponamus
593 1154 696 1215 nimios
718 1154 857 1231 gemitus:
880 1153 1050 1232 flagrantior
1071 1171 1164 1234 aequo

430 1239 496 1300 Non
518 1238 607 1301 debet
627 1239 712 1300 dolor
735 1255 802 1299 esse
821 1239 893 1314 viri,
918 1257 973 1298 nec
988 1239 1110 1299 vulnere
1130 1239 1221 1299 maior

431 1324 473 1385 Tu
494 1325 625 1406 quamvis
646 1323 753 1383 levium
773 1323 915 1383 minimam
938 1325 1129 1402 exiguamque
1152 1322 1290 1384 malorum

431 1408 604 1471 Particulam
623 1409 672 1467 vix
694 1406 773 1468 ferre
796 1417 899 1486 potes,
924 1407 1122 1486 spumantibus
1143 1408 1250 1468 ardeus

432 1491 621 1568 Visceribus,
642 1510 756 1552 sacrum
775 1492 827 1553 tibi
849 1492 927 1572 quod
950 1509 1007 1552 non
1028 1491 1132 1552 reddat
1155 1493 1263 1553 amicus
1392 1503 1423 1555 15

433 1577 615 1656 Depositum.
655 1577 760 1655 Stupet
780 1575 871 1653 baec,
895 1578 943 1656 qui
959 1578 1014 1639 iam
1036 1585 1103 1656 post
1123 1586 1207 1655 terga
1230 1577 1346 1658 reliquit

432 1663 589 1739 Sexaginta
612 1679 722 1737 annos,
746 1660 869 1722 Fonteio
893 1661 1013 1723 consule
1036 1671 1133 1722 natus:

433 1749 477 1807 An
500 1746 569 1806 nibil
591 1747 618 1806 in
641 1745 745 1806 melius
765 1755 809 1807 tot
830 1765 927 1808 rerum
951 1747 1067 1826 produit
1086 1744 1161 1806 usui

431 1832 535 1912 blagna
557 1831 689 1910 quidem,
713 1833 806 1892 sacris
828 1850 904 1912 quae
922 1832 970 1893 dat
992 1840 1153 1912 praecepta
1177 1831 1295 1908 libellis,

430 1917 543 1979 Victrix
564 1917 697 1976 fortunae
718 1917 876 1995 sapientia;
899 1915 1029 1977 ducimus
1050 1925 1145 1977 autem

432 2001 492 2063 llos
513 2018 631 2081 quoque
653 2001 774 2077 ielices,
799 2002 846 2081 qui
869 2003 949 2061 ferre
970 1999 1152 2061 incommoda
1176 2003 1252 2059 vitae

435 2085 496 2147 lieo
513 2087 622 2147 iactare
643 2086 739 2163 iugum
761 2087 820 2147 vita
842 2085 973 2146 didicere
994 2086 1139 2163 magistra.

433 2171 514 2246 Quae
537 2178 595 2230 tam
616 2170 691 2230 festa
714 2169 794 2246 dies,
818 2179 849 2230 ut
871 2178 970 2230 cesset
995 2169 1122 2248 prodere
1144 2170 1247 2243 iurem,

433 2254 601 2332 Perfidiam,
626 2253 763 2329 fraudes,
783 2263 871 2335 atque
892 2256 969 2315 omni
990 2272 1028 2315 ex
1051 2254 1169 2315 crimine
1193 2255 1301 2316 luorum

433 2342 601 2416 Quaesitum
620 2348 648 2399 et
674 2348 773 2417 partos
795 2339 894 2417 gladio
916 2339 964 2399 rel
987 2338 1095 2418 pyxide
1118 2336 1269 2399 nummos?

433 2426 501 2486 llari
526 2425 635 2504 quippe
659 2423 743 2500 boni,
767 2441 886 2483 numero
907 2425 955 2483 vix
978 2434 1042 2484 sunt
1065 2425 1182 2485 totidem
1205 2433 1276 2503 quot

433 2507 596 2571 Thebarum
614 2516 717 2587 portae
738 2507 788 2568 vel
807 2509 903 2568 divitis
925 2511 1000 2569 ostia
1022 2506 1088 2569 Nili.

431 2594 514 2655 Noua
538 2602 619 2653 aetas
641 2594 736 2670 agitur
757 2593 918 2674 peioraque
942 2593 1042 2655 secula
1065 2593 1135 2653 lerri

432 2675 640 2756 Temporibus,
664 2694 785 2756 quorum
807 2678 916 2738 sceleri
939 2696 995 2739 non
1014 2678 1122 2738 inuenit
1145 2679 1207 2756 ipsa

431 2761 544 2822 Nomen
566 2770 594 2821 et
616 2780 632 2821 a
652 2762 733 2822 nullo
751 2764 848 2842 posuit
864 2772 963 2823 natura
982 2763 1115 2830 metallo;

432 2845 493 2906 Nos
513 2846 658 2906 bominum
679 2847 834 2927 divumque
856 2848 942 2909 iidem
966 2849 1094 2909 clamore
1119 2848 1238 2921 olemus,

433 2930 547 3005 Quanto
569 2929 733 2992 Faesidium
756 2931 853 2992 laudat
870 2933 982 2992 vocalis
1002 2941 1135 3010 agentem

433 3014 581 3095 Sportula.
620 3016 692 3093 Dic,
713 3017 813 3077 senior
834 3016 913 3077 bulla
936 3018 1123 3095 dignissime,
1148 3016 1255 3091 nescis,

433 3100 512 3175 Quas
534 3100 641 3162 babeat
660 3120 786 3162 veneres
809 3100 905 3162 aliena
928 3099 1072 3181 pecunia?
1094 3103 1203 3175 nescis,

433 3184 526 3258 Quem
546 3194 594 3246 tua
617 3186 787 3264 simplicitas
810 3187 897 3247 risum
921 3186 1009 3265 vulgo
1032 3195 1165 3259 moueat,
1188 3202 1272 3263 quum

433 3268 535 3347 Exigis
555 3288 571 3329 a
594 3288 755 3351 quoquam,
779 3288 815 3331 oe
839 3273 953 3351 peieret
972 3282 1002 3333 et
1022 3281 1103 3351 putet
1124 3270 1191 3331 ullis

433 3352 508 3413 Esse
530 3353 647 3433 aliquod
670 3374 774 3415 numen
796 3357 913 3435 templis
936 3374 1063 3437 araeque
1085 3353 1221 3415 rubenti?

433 3437 585 3512 Quondam
608 3439 666 3500 boc
686 3439 841 3518 indigenae
863 3440 1000 3500 vivebant
1022 3458 1121 3516 nrore,
1144 3441 1309 3518 priusquam

433 3524 569 3583 Sumeret
586 3534 735 3602 agrestem
754 3525 851 3605 posito
870 3524 1033 3586 diademate
1054 3523 1159 3584 falcem

434 3607 574 3668 Saturnus
596 3608 727 3687 fugiens,
751 3618 836 3686 tunc,
859 3628 945 3689 quum
966 3608 1136 3687 virguncula
1158 3608 1229 3669 luno

435 3690 471 3751 itt
493 3694 621 3771 privatus
645 3693 738 3754 adbuc
761 3693 856 3755 Idaeis
879 3694 1010 3773 luppiter
1033 3693 1140 3768 antris,

434 3772 521 3837 Nulla
543 3796 633 3857 super
654 3779 746 3840 nubes
768 3780 901 3840 convivia
923 3778 1142 3853 coelicolarum,
