3434 4575
380 480 421 543 36
725 491 760 540 o.
783 491 855 539 nou.
879 490 1068 539 nuvsnnnns

380 633 519 695 Hannibal
542 643 572 693 et
595 641 706 693 stantes
731 629 845 693 Collina
872 641 952 693 turre
976 632 1079 693 mariti.

379 719 461 779 Nunc
486 720 609 797 patimur
632 716 738 795 longae
763 719 845 796 pacis
869 717 958 782 mala:
983 719 1100 777 saevior
1123 719 1208 777 armis

379 803 501 864 buxerio
524 802 652 863 incubuit
673 805 840 880 victumque
864 801 1015 862 ulciscitur
1037 802 1149 863 orbem.

378 887 493 948 Nullum
517 889 625 948 crimen
647 885 732 948 abest
753 886 926 967 facinusque
949 887 1092 960 libidinis,
1118 906 1155 947 ex
1176 905 1233 964 qun

379 973 536 1051 Paupertas
560 971 690 1032 Romana
712 972 804 1050 perit:
830 971 898 1031 bino
920 970 1002 1032 linxit
1025 972 1060 1031 ad
1083 974 1156 1030 istos
1323 979 1371 1035 noa

380 1056 415 1117 Et
436 1056 558 1132 Sybaris
582 1055 693 1130 colles,
719 1055 791 1116 binc·
809 1065 839 1116 et
861 1055 983 1115 Rhodos
1007 1064 1037 1114 et
1060 1054 1177 1116 Miletos

378 1142 474 1220 Atque
498 1151 667 1202 coronatum
687 1150 717 1200 et
740 1139 873 1219 petulans
896 1139 1097 1219 madidumque
1120 1140 1284 1200 Tarentum.

379 1226 469 1286 Prima
491 1227 665 1305 peregrinos
689 1224 819 1286 obscena
843 1226 967 1304 pecunia
989 1241 1086 1284 mores

379 1311 487 1384 Intulit,
511 1320 540 1370 et
561 1311 637 1388 turpi
659 1310 812 1387 inegerunt
832 1309 934 1371 secula
959 1310 1026 1370 luxu

379 1395 501 1456 Divitiae
523 1393 639 1455 molles.
673 1392 749 1467 Quid
776 1396 851 1454 enim
872 1394 972 1454 Venus
996 1393 1077 1454 ebria
1103 1394 1207 1454 curati
1321 1406 1373 1458 300

378 1479 504 1558 inguinis
528 1489 557 1540 et
580 1479 682 1558 capitis
707 1496 783 1557 quae
805 1481 863 1539 sint
886 1478 1067 1552 discrimina,
1092 1479 1202 1553 nescit,

378 1563 501 1624 Gratidio
525 1582 601 1643 quae
623 1562 725 1623 mediis
747 1564 803 1624 itm
825 1562 960 1624 noctibus
983 1572 1082 1623 ostrea
1106 1563 1230 1636 mordet,

379 1648 471 1722 Quum
496 1649 613 1727 perlusa
637 1665 717 1707 mero
739 1659 874 1727 spumant¹
893 1657 1038 1726 unguenta
1060 1647 1198 1724 Falerno,

378 1732 471 1806 Quum
492 1732 599 1793 bibitur
622 1732 750 1808 concha,
780 1751 867 1812 quum
891 1735 947 1793 iam
969 1733 1114 1810 vertigine
1135 1742 1243 1793 tectum

379 1816 513 1878 Ambulat
538 1827 567 1878 et
589 1819 711 1895 geminis
734 1820 867 1897 exsurgit
891 1835 989 1878 mensa
1016 1817 1152 1878 lucernis.

378 1903 388 1961 l
411 1920 486 1962 nnnc
509 1912 539 1962 et
561 1902 674 1978 dubita,
699 1919 755 1981 qna
779 1902 900 1964 sorbeat
922 1920 991 1963 aera
1014 1919 1103 1962 sanna

378 1986 489 2062 Pallia,
514 1987 581 2065 quid
605 1987 682 2049 dicat
704 1997 791 2048 notae
815 1987 959 2048 collactea
981 1986 1116 2063 Maurae,

378 2071 474 2131 Maura
498 2071 654 2133 Pudicitiae
677 2081 808 2132 veterem
830 2090 916 2151 quum
940 2071 1079 2149 praeterit
1101 2090 1190 2132 aram.

379 2155 518 2216 Noctibus
542 2156 590 2217 bio
612 2165 723 2234 ponunt
745 2155 883 2228 lecticas,
910 2157 1075 2215 micturiunt
1095 2157 1142 2218 bio

378 2239 572 2320 Effigiemque
595 2240 669 2301 deae
695 2240 791 2318 longis
818 2239 989 2319 siphonibus
1012 2240 1132 2319 impleut

377 2324 467 2405 laque
489 2328 572 2385 vices
595 2327 725 2404 equitant
746 2343 781 2385 ac
805 2326 871 2386 luna
895 2334 971 2385 teste
993 2336 1161 2391 moventur:

378 2409 445 2470 lude
467 2409 568 2468 domos
592 2408 712 2470 abeunt:
739 2419 767 2467 tu
793 2410 890 2470 calcas
913 2410 980 2470 lnce
1003 2429 1122 2471 reversa

379 2491 518 2571 Coniugis
540 2495 647 2554 urinam
671 2511 793 2571 magnos
816 2496 932 2555 visurus
956 2496 1077 2557 amicos.

377 2576 451 2638 Nota
475 2577 573 2639 Bnnae
595 2587 712 2640 secreta
735 2578 835 2652 Deae,
858 2598 944 2659 quum
965 2579 1034 2640 tibia
1061 2580 1194 2641 lumbos

375 2661 478 2723 locitat
500 2672 530 2723 et
551 2680 641 2724 cornu
664 2664 773 2743 pariter
794 2666 923 2744 vinoque
948 2664 1080 2726 feruntur

378 2747 525 2808 Attonitae
548 2750 716 2828 crinemque
737 2758 834 2810 rotant
855 2748 1026 2828 ululantque
1049 2750 1143 2829 Priapi

379 2830 548 2898 Maenades:
576 2850 594 2893 c
618 2844 740 2911 quantus
763 2844 831 2894 tunc
851 2834 910 2894 illis
933 2833 1077 2894 mentibus
1097 2834 1185 2895 ardor

377 2914 572 2994 Concubitus,
598 2937 674 2996 quae
696 2934 756 2979 uox
778 2919 903 2979 saltante
924 2918 1059 2994 libidine,
1083 2929 1205 2997 quantus

376 2998 430 3061 llle
452 3002 524 3060 meri
544 3005 654 3063 veteris
678 3020 733 3082 per
753 3020 838 3063 crura
863 3003 1006 3062 madentia
1029 3003 1160 3063 torrens!

377 3084 523 3145 benonum
542 3086 664 3148 ancillas
684 3089 779 3166 posita
805 3086 924 3148 Sanlcia
947 3103 1056 3147 corona

377 3169 521 3231 Provocat
543 3188 578 3230 ac
599 3170 676 3231 tollit
697 3171 850 3250 pendentis
873 3173 1000 3249 praemia
1024 3189 1128 3247 coxae,

377 3254 444 3332 lpsa
466 3253 643 3316 Medullinae
666 3256 782 3316 linctum
803 3257 951 3316 crissantis
970 3255 1086 3316 adorat:

378 3338 501 3400 Palmam
521 3341 595 3400 inter
616 3340 746 3401 dominas
767 3342 859 3399 virtus
881 3340 1024 3401 natalibus
1044 3351 1159 3422 aequat.

378 3422 424 3483 Nil
445 3423 484 3483 ibi
507 3442 561 3503 per
584 3423 680 3485 ludum
703 3423 897 3488 simulabitur:
919 3426 1012 3485 omnia
1034 3425 1103 3486 fient

379 3506 561 3585 adrerum,
585 3509 689 3587 quibus
711 3510 826 3570 incendi
848 3511 903 3570 iam
926 3510 1049 3589 lriqidus
1072 3528 1146 3572 aevo
1318 3521 1368 3573 tta

378 3591 638 3656 Laomedontiades
662 3603 692 3655 et
713 3593 848 3655 Nestoris
870 3594 971 3655 beroia
994 3596 1097 3673 possit.

379 3675 460 3737 Tunc
482 3680 602 3756 prurigo
623 3697 723 3740 morae
745 3680 916 3758 impatiens,
939 3688 996 3740 tum
1028 3680 1134 3741 lemine
1154 3679 1290 3758 simplex.

380 3763 420 3821 dc
438 3764 547 3840 pariter
568 3774 629 3825 toto
650 3766 792 3843 repetitus
815 3763 925 3825 clamor
946 3763 982 3825 ab
1006 3774 1104 3824 antro:

268 3987 399 4043 A
