3434 4575
315 444 377 508 236
636 443 681 504 M.
697 443 790 506 VAL.
805 445 1033 507 MARTlALlS

398 603 511 664 Omnes
530 592 694 674 Sulpiciam
708 593 816 673 legant
830 597 947 675 mariti,

396 687 458 746 Uni
472 683 524 765 qui
540 681 667 759 cupiunt
681 678 806 758 placere
820 686 943 759 nuptae.

374 770 464 832 5Non
484 768 561 826 haec
579 761 746 824 colchidos
761 764 873 822 asserit
883 762 1040 840 furorem.

394 854 463 911 Diri
479 845 609 928 prandia
623 865 682 906 ncc
697 847 797 906 refert
813 847 987 926 Thyestem

398 930 545 1010 Scyllam,
566 929 696 1008 Byblida
708 949 766 990 uec
780 931 877 991 fuisse
893 928 1009 1009 credit,

397 1013 460 1074 Sed
475 1021 575 1074 castos
591 1013 683 1073 docet
697 1021 730 1074 et
743 1015 812 1094 pios
827 1033 962 1093 amores,

395 1098 510 1177 Lusus,
533 1095 660 1157 delicias
674 1098 872 1176 facetiaeque.

356 1183 490 1250 loculus
506 1184 640 1241 carmina
658 1184 709 1260 qui
724 1182 805 1243 bene
820 1182 1006 1260 aestimarit,

395 1264 514 1326 Nullam
531 1265 644 1325 dixerit
660 1283 729 1325 esse
745 1269 945 1343 sanctiorem,

395 1347 517 1409 Nullam
533 1348 647 1409 dixerit
661 1367 731 1409 esse
746 1351 936 1429 nequiorem.

398 1433 491 1494 Tales
505 1432 638 1511 Egeriae
652 1434 738 1492 iocos
752 1433 850 1493 fuisse

396 1515 466 1576 Udo
483 1515 672 1575 crediderim
686 1515 802 1576 Numae
818 1519 874 1577 sub
890 1526 986 1581 antro.

354 1601 462 1661 Iollae
476 1598 686 1678 condiscipula
700 1598 750 1659 vel
764 1601 822 1659 hac
835 1603 980 1679 magistra

394 1683 489 1744 Esses
504 1682 625 1743 doctior
641 1690 672 1742 et
686 1683 812 1764 pudica,
836 1685 975 1764 Sappho:
1003 1732 1010 1744 .

397 1766 460 1827 Sed
475 1773 577 1827 tecum
592 1769 711 1846 pariter
727 1768 880 1847 simulque
893 1769 986 1828 risam

396 1852 498 1913 Durus
513 1851 679 1931 Sulpiciam
694 1852 938 1917 Phaonamarat.

394 1935 539 1996 Frustra:
562 1954 694 2015 namque
711 1954 747 1995 ea
762 1953 820 1995 nec
835 1935 987 1995 Tonantis
1002 1955 1098 2016 uxor,

352 2020 458 2080 20Nec'
472 2021 601 2097 Bacchi,
622 2038 680 2079 nec
695 2017 851 2098 Apollinis
868 2018 972 2100 puella

395 2104 514 2184 Erepto
530 2105 589 2163 sibi
603 2104 722 2163 vireret
737 2102 863 2164 Caleno.

763 2236 901 2299 XXXVl.
962 2285 967 2295 .

395 2348 537 2426 Improba
551 2345 709 2407 Massiliae
726 2346 877 2426 quidquid
892 2349 1022 2409 fumaria
1037 2359 1171 2431 coguut,

437 2431 559 2509 Accipit
572 2436 705 2490 aetatem
720 2432 859 2510 quisquis
874 2434 910 2492 ab
925 2434 997 2510 igue
1014 2432 1125 2512 cadus,

392 2514 420 2572 A
435 2519 483 2589 tc,
505 2513 638 2591 Munna,
660 2516 760 2574 venit:
782 2516 905 2575 miseris
922 2522 956 2575 tu
970 2517 1068 2577 mittis
1085 2520 1195 2580 amicir

434 2597 496 2655 Per
510 2596 609 2677 freta,
630 2617 688 2679 per
702 2597 810 2677 longas
824 2600 925 2659 toxica
940 2601 1028 2660 sacia
1043 2602 1127 2676 vias3

369 2678 459 2740 5Nec
470 2680 555 2741 facili
571 2685 691 2763 pretio,
712 2682 769 2743 sed
784 2703 843 2762 quo
860 2689 1006 2743 contenta
1019 2682 1150 2745 Falerni

343 2761 346 2765 ⁴
435 2764 530 2826 'l'esta
544 2768 586 2826 sit
601 2774 652 2828 aut
667 2765 756 2828 cellis
771 2768 857 2827 Setia
872 2787 942 2826 cara
956 2768 1027 2828 suis.

328 2855 332 2870 ¹
391 2848 460 2907 Non
475 2852 579 2909 venias
596 2870 690 2928 quare
704 2859 767 2911 tam
781 2850 874 2929 longo
889 2857 1031 2930 tempore
1046 2851 1195 2933 Romam,

433 2931 520 2991 Haec
536 2938 611 3013 puto
628 2953 716 2994 causa
730 2935 790 2995 tibi
805 2942 869 3013 cst,
890 2953 930 2993 ne
944 2940 996 2993 tua
1010 2935 1080 2994 vina
1095 2937 1198 2997 bibas.

752 3068 903 3130 XXXVII.

391 3176 469 3236 luris
484 3184 517 3237 et
533 3195 698 3255 aequarum
711 3178 812 3239 cultor
827 3179 1019 3238 sanctissime
1033 3176 1158 3258 legum,

433 3260 581 3322 Veridico
595 3262 716 3324 Latium
732 3266 784 3343 qui
798 3264 882 3340 regls
899 3280 954 3321 ore
968 3261 1087 3339 forum,

390 3345 559 3425 Municipi‚
580 3346 741 3423 Materne,
760 3354 814 3407 tuo
828 3347 990 3424 veterique
1006 3343 1104 3428 sodali

433 3427 601 3488 Callaicum
616 3429 741 3489 mandas
757 3428 859 3509 siquid
875 3428 912 3487 ad
927 3429 1100 3505 Oceanum,

368 3512 440 3570 adn
454 3511 643 3572 Laurentino
657 3520 765 3593 turpes
779 3511 920 3572 inlitora
935 3530 1025 3571 ranas

430 3596 470 3656 Et
485 3598 580 3656 satius
593 3604 704 3658 tenues
719 3596 834 3657 ducere
849 3594 952 3656 credis
968 3613 1056 3670 aeos,

389 3678 439 3738 Ad
453 3698 507 3739 sua
522 3683 672 3760 captivum
689 3700 778 3761 quam
792 3698 863 3739 saxa
876 3680 1038 3739 remittere
1053 3674 1204 3765 mullum,
