3434 4575
598 486 938 547 EPIGRAMMATON
952 486 1025 548 LlB.
1040 486 1077 547 X.

377 639 566 715 blunonem,
587 636 761 717 Polyclito,
783 657 868 697 suam
882 638 942 697 nisi
959 638 1058 697 frater
1074 644 1205 715 amaret,

443 725 589 783 lunonem
605 727 728 801 poterat
744 722 844 781 frater
860 739 963 781 amare
977 728 1068 783 tuam.

803 855 868 915 XC.

402 953 483 1044 Quid
499 964 588 1026 vellis
601 962 754 1042 vetulum,
775 966 880 1044 Hgio,
902 967 1055 1025 cunnum?

403 1051 484 1127 Quid
498 1050 581 1109 busti
595 1051 717 1109 cineres
731 1050 777 1108 tui
793 1047 943 1109 lacessis?

402 1133 497 1194 Tales
511 1132 679 1192 munditiae
693 1131 807 1191 decent
819 1130 951 1211 puellas.

402 1218 478 1276 Nam
493 1224 527 1276 tu
540 1217 599 1275 iam
614 1234 673 1275 nec
689 1235 763 1275 anus
777 1221 867 1295 potes
881 1216 990 1275 videri.

380 1300 505 1378 alstra,
527 1298 622 1359 crede
636 1299 727 1376 mihi,
748 1298 850 1377 Ligia‚
872 1298 957 1358 belle

401 1384 469 1443 Non
486 1387 584 1442 mater
598 1383 674 1442 iacit
686 1382 849 1459 Hectoris,
872 1382 927 1441 sed
941 1401 1026 1441 uxor.

401 1469 513 1543 Erras,
537 1468 563 1525 si
579 1467 636 1525 tibi
651 1483 767 1525 cunnus
781 1466 833 1524 hic
847 1463 986 1542 videtur,

402 1550 451 1610 Ad
466 1568 557 1628 quem
572 1546 708 1608 mentula
720 1549 883 1628 pertinere
898 1546 989 1609 desit.

402 1635 504 1709 Quare
519 1634 545 1692 si
561 1631 663 1712 pudor
676 1639 742 1709 est,
762 1630 866 1709 lrigla,
887 1630 952 1691 noli

362 1718 531 1779 loBarbam
544 1714 664 1775 vellere
680 1720 802 1775 mortuo
818 1712 913 1774 leoni.

797 1846 876 1907 xci.

405 1960 519 2019 Omnes
535 1960 691 2019 eunuchos
704 1960 800 2019 habet
812 1957 921 2035 Almo,
942 1976 1001 2017 nee
1017 1958 1126 2036 arrigit
1139 1959 1225 2039 ipse,

445 2044 486 2103 Et
502 2044 659 2122 queritur,
678 2044 780 2123 pariat
793 2042 876 2120 quod
891 2062 945 2101 sua
957 2038 1046 2101 Polla
1059 2040 1146 2104 nihil.

796 2175 887 2236 xcu.

402 2290 501 2367 Mari,
523 2292 646 2369 quietae
661 2290 761 2351 cultor
774 2297 807 2351 et
822 2293 1036 2369 comanitae,

405 2372 472 2446 Quo
487 2373 552 2431 cive
566 2374 668 2452 prisca
685 2372 836 2451 gloriatur
848 2376 958 2452 Atina,

405 2455 469 2511 Has
486 2455 545 2512 tibi
558 2454 703 2530 gemellas
718 2456 842 2515 barbari
857 2455 951 2516 decus
965 2455 1029 2516 luci

407 2535 595 2597 Commendo
610 2537 701 2617 pinus
715 2534 865 2616 ilicesque
881 2538 1056 2598 Faunorum

383 2621 448 2681 alut
463 2618 633 2692 semidocta
646 2619 728 2679 vilici
741 2639 832 2679 manu
847 2626 979 2680 structas

406 2703 557 2763 Tonantis
575 2722 642 2763 aras
658 2702 840 2782 horridique
857 2702 986 2779 Silvani,

406 2788 489 2862 Quas
505 2787 604 2866 pinxit
617 2788 688 2866 agni
701 2805 794 2866 saepe
810 2788 931 2864 sanguis
946 2790 998 2845 aut
1013 2782 1123 2860 haedi,

406 2871 627 2949 Dominamque
641 2871 739 2930 sancti
753 2871 903 2948 virginem
917 2869 1006 2928 deam
1019 2866 1146 2948 templi,

408 2955 449 3013 Et
464 2973 555 3034 quem
569 2955 685 3014 sororis
702 2954 856 3034 hospitem
872 2952 958 3013 vides
976 2957 1078 3013 castae

367 3038 542 3098 loMartem
556 3056 692 3098 mearum
708 3038 881 3118 principem
896 3035 1121 3114 Kalendarum,

408 3123 449 3181 ldt
463 3119 615 3182 delicatae
629 3120 769 3182 laureum
781 3139 889 3180 nemus
906 3119 1035 3196 Florae,

408 3205 440 3264 ln
457 3203 541 3283 quod
554 3205 665 3285 Priapo
680 3210 891 3285 persequente
905 3204 1052 3283 confugit.

407 3289 476 3347 Hoc
494 3307 584 3348 omne
599 3287 691 3367 agelli
708 3289 782 3348 mite
798 3286 919 3368 parvuli
932 3306 1045 3347 numen

408 3372 471 3430 Seu
485 3378 519 3430 tu
535 3389 664 3450 eruore,
686 3374 749 3432 sive
765 3379 836 3432 ture
849 3369 1001 3451 placabis:

368 3456 613 3534 l5‚‚Ubicnnque
627 3462 732 3515 vester
747 3453 902 3514 Martialis
918 3452 1005 3517 est.“
1027 3450 1131 3528 dices,

408 3538 512 3616 „Hac,
533 3556 624 3616 ecee,
645 3557 764 3598 mecum
779 3538 907 3598 dextera
921 3536 992 3596 litat
1005 3535 1091 3594 vobis

408 3623 530 3681 Absens
547 3620 709 3697 sacerdos;
728 3641 781 3682 vos
797 3627 904 3701 putate
918 3625 1117 3700 praesentem

408 3706 450 3767 llt
465 3704 536 3764 date
552 3702 670 3766 duobus
685 3704 836 3784 quidquid
851 3702 932 3764 alter
946 3702 1097 3782 optabit.“

1295 480 1352 547 251
