<?xml version="1.0" encoding="UTF-8"?>
<!DOCTYPE html PUBLIC "-//W3C//DTD XHTML 1.0 Transitional//EN"
    "http://www.w3.org/TR/xhtml1/DTD/xhtml1-transitional.dtd">
<html xmlns="http://www.w3.org/1999/xhtml" xml:lang="en" lang="en">
 <head>
  <title>
</title>
<meta http-equiv="Content-Type" content="text/html;charset=utf-8" />
  <meta name='ocr-system' content='tesseract 3.04.00' />
  <meta name='ocr-capabilities' content='ocr_page ocr_carea ocr_par ocr_line ocrx_word'/>
</head>
<body>
  <div class='ocr_page' id='page_1' title='image "./satirarumlibriq00juvegoog_0360.png"; bbox 0 0 3434 4575; ppageno 0'>
   <div class='ocr_carea' id='block_1_1' title="bbox 369 328 1089 403">
    <p class='ocr_par' dir='ltr' id='par_1_1' title="bbox 369 328 1089 403">
     <span class='ocr_line' id='line_1_1' title="bbox 369 328 1089 403; baseline -0.021 -1"><span class='ocrx_word' id='word_1_1' title='bbox 369 335 433 403; x_wconf 77' lang='lat'><strong>154</strong></span> <span class='ocrx_word' id='word_1_2' title='bbox 691 332 737 394; x_wconf 89' lang='lat' dir='ltr'><strong>M.</strong></span> <span class='ocrx_word' id='word_1_3' title='bbox 754 331 848 393; x_wconf 87' lang='lat' dir='ltr'><strong>VAL.</strong></span> <span class='ocrx_word' id='word_1_4' title='bbox 864 328 1089 391; x_wconf 81' lang='lat' dir='ltr'><strong>MARTIALIS</strong></span> 
     </span>
    </p>
   </div>
   <div class='ocr_carea' id='block_1_2' title="bbox 413 481 1345 1152">
    <p class='ocr_par' dir='ltr' id='par_1_2' title="bbox 453 481 1241 647">
     <span class='ocr_line' id='line_1_2' title="bbox 453 481 1241 563; baseline -0.008 -14"><span class='ocrx_word' id='word_1_5' title='bbox 453 489 493 549; x_wconf 80' lang='lat' dir='ltr'><strong>Di</strong></span> <span class='ocrx_word' id='word_1_6' title='bbox 506 487 664 563; x_wconf 81' lang='lat' dir='ltr'><strong>lacerent,</strong></span> <span class='ocrx_word' id='word_1_7' title='bbox 686 489 721 543; x_wconf 90' lang='lat' dir='ltr'><strong>ut</strong></span> <span class='ocrx_word' id='word_1_8' title='bbox 737 490 772 543; x_wconf 90' lang='lat' dir='ltr'><strong>tu</strong></span> <span class='ocrx_word' id='word_1_9' title='bbox 785 483 964 561; x_wconf 86' lang='lat' dir='ltr'><strong>loquereris</strong></span> <span class='ocrx_word' id='word_1_10' title='bbox 981 489 1014 543; x_wconf 85' lang='lat' dir='ltr'><strong>et</strong></span> <span class='ocrx_word' id='word_1_11' title='bbox 1029 481 1086 544; x_wconf 91' lang='lat' dir='ltr'><strong>ille</strong></span> <span class='ocrx_word' id='word_1_12' title='bbox 1101 489 1241 544; x_wconf 82' lang='lat' dir='ltr'><strong>taceret:</strong></span> 
     </span>
     <span class='ocr_line' id='line_1_3' title="bbox 497 567 1022 647; baseline -0.002 -16"><span class='ocrx_word' id='word_1_13' title='bbox 497 568 648 631; x_wconf 81' lang='lat' dir='ltr'><strong>Offendor</strong></span> <span class='ocrx_word' id='word_1_14' title='bbox 664 569 756 628; x_wconf 88' lang='lat' dir='ltr'><strong>cunni</strong></span> <span class='ocrx_word' id='word_1_15' title='bbox 770 567 951 647; x_wconf 75' lang='lat' dir='ltr'><strong>garrulitate</strong></span> <span class='ocrx_word' id='word_1_16' title='bbox 966 569 1022 630; x_wconf 90' lang='lat' dir='ltr'><strong>tui.</strong></span> 
     </span>
    </p>

    <p class='ocr_par' dir='ltr' id='par_1_3' title="bbox 454 649 1292 731">
     <span class='ocr_line' id='line_1_4' title="bbox 454 649 1292 731; baseline -0.002 -15"><span class='ocrx_word' id='word_1_17' title='bbox 454 655 576 716; x_wconf 83' lang='lat' dir='ltr'>Pedere</span> <span class='ocrx_word' id='word_1_18' title='bbox 591 661 624 714; x_wconf 86' lang='lat' dir='ltr'><strong>te</strong></span> <span class='ocrx_word' id='word_1_19' title='bbox 639 651 767 713; x_wconf 84' lang='lat' dir='ltr'><strong>vellem:</strong></span> <span class='ocrx_word' id='word_1_20' title='bbox 789 671 921 731; x_wconf 86' lang='lat' dir='ltr'><strong>namque</strong></span> <span class='ocrx_word' id='word_1_21' title='bbox 935 653 995 712; x_wconf 91' lang='lat' dir='ltr'><strong>hoc</strong></span> <span class='ocrx_word' id='word_1_22' title='bbox 1009 671 1068 712; x_wconf 90' lang='lat' dir='ltr'><strong>nec</strong></span> <span class='ocrx_word' id='word_1_23' title='bbox 1081 649 1196 713; x_wconf 91' lang='lat' dir='ltr'><strong>inutile</strong></span> <span class='ocrx_word' id='word_1_24' title='bbox 1211 651 1292 714; x_wconf 83' lang='lat' dir='ltr'><strong>(licit</strong></span> 
     </span>
    </p>

    <p class='ocr_par' dir='ltr' id='par_1_4' title="bbox 413 735 1241 819">
     <span class='ocr_line' id='line_1_5' title="bbox 413 735 1241 819; baseline -0.007 -15"><span class='ocrx_word' id='word_1_25' title='bbox 413 753 448 804; x_wconf 86' lang='lat'><strong>10</strong></span> <span class='ocrx_word' id='word_1_26' title='bbox 498 739 695 819; x_wconf 76' lang='lat' dir='ltr'><strong>Symmachus</strong></span> <span class='ocrx_word' id='word_1_27' title='bbox 710 743 743 797; x_wconf 85' lang='lat' dir='ltr'><strong>et</strong></span> <span class='ocrx_word' id='word_1_28' title='bbox 758 738 854 797; x_wconf 89' lang='lat' dir='ltr'><strong>risum</strong></span> <span class='ocrx_word' id='word_1_29' title='bbox 868 756 920 797; x_wconf 84' lang='lat' dir='ltr'><strong>rea</strong></span> <span class='ocrx_word' id='word_1_30' title='bbox 940 742 1043 796; x_wconf 87' lang='lat' dir='ltr'><strong>movet</strong></span> <span class='ocrx_word' id='word_1_31' title='bbox 1056 737 1117 795; x_wconf 87' lang='lat' dir='ltr'><strong>ista</strong></span> <span class='ocrx_word' id='word_1_32' title='bbox 1131 735 1241 814; x_wconf 82' lang='lat' dir='ltr'><strong>semel.</strong></span> 
     </span>
    </p>

    <p class='ocr_par' dir='ltr' id='par_1_5' title="bbox 454 821 1345 984">
     <span class='ocr_line' id='line_1_6' title="bbox 454 821 1208 902; baseline -0.005 -18"><span class='ocrx_word' id='word_1_33' title='bbox 454 825 530 901; x_wconf 80' lang='lat' dir='ltr'><strong>Quis</strong></span> <span class='ocrx_word' id='word_1_34' title='bbox 544 822 650 883; x_wconf 87' lang='lat' dir='ltr'><strong>ridere</strong></span> <span class='ocrx_word' id='word_1_35' title='bbox 664 827 770 902; x_wconf 85' lang='lat' dir='ltr'><strong>potest</strong></span> <span class='ocrx_word' id='word_1_36' title='bbox 783 821 861 880; x_wconf 90' lang='lat' dir='ltr'><strong>fatui</strong></span> <span class='ocrx_word' id='word_1_37' title='bbox 874 827 1076 900; x_wconf 71' lang='lat' dir='ltr'><strong>poppysmata</strong></span> <span class='ocrx_word' id='word_1_38' title='bbox 1090 821 1208 880; x_wconf 70' lang='lat' dir='ltr'><strong>cunni?</strong></span> 
     </span>
     <span class='ocr_line' id='line_1_7' title="bbox 497 902 1345 984; baseline -0.005 -16"><span class='ocrx_word' id='word_1_39' title='bbox 497 908 574 968; x_wconf 74' lang='lat' dir='ltr'><strong>(lum</strong></span> <span class='ocrx_word' id='word_1_40' title='bbox 587 912 676 966; x_wconf 88' lang='lat' dir='ltr'><strong>sonat</strong></span> <span class='ocrx_word' id='word_1_41' title='bbox 691 906 758 982; x_wconf 79' lang='lat' dir='ltr'><strong>hic,</strong></span> <span class='ocrx_word' id='word_1_42' title='bbox 779 906 828 965; x_wconf 92' lang='lat' dir='ltr'><strong>cui</strong></span> <span class='ocrx_word' id='word_1_43' title='bbox 845 924 907 964; x_wconf 94' lang='lat' dir='ltr'><strong>non</strong></span> <span class='ocrx_word' id='word_1_44' title='bbox 922 904 1058 965; x_wconf 89' lang='lat' dir='ltr'><strong>mentula</strong></span> <span class='ocrx_word' id='word_1_45' title='bbox 1071 923 1224 984; x_wconf 83' lang='lat' dir='ltr'><strong>mensque</strong></span> <span class='ocrx_word' id='word_1_46' title='bbox 1242 902 1345 966; x_wconf 75' lang='lat' dir='ltr'><strong>catllti</strong></span> 
     </span>
    </p>

    <p class='ocr_par' dir='ltr' id='par_1_6' title="bbox 453 987 1279 1152">
     <span class='ocr_line' id='line_1_8' title="bbox 453 987 1279 1070; baseline -0.006 -17"><span class='ocrx_word' id='word_1_47' title='bbox 453 994 510 1053; x_wconf 85' lang='lat' dir='ltr'><strong>Dic</strong></span> <span class='ocrx_word' id='word_1_48' title='bbox 527 989 644 1070; x_wconf 82' lang='lat' dir='ltr'><strong>aliquid</strong></span> <span class='ocrx_word' id='word_1_49' title='bbox 657 987 766 1048; x_wconf 87' lang='lat' dir='ltr'><strong>saltem</strong></span> <span class='ocrx_word' id='word_1_50' title='bbox 781 987 978 1068; x_wconf 88' lang='lat' dir='ltr'><strong>clamosoque</strong></span> <span class='ocrx_word' id='word_1_51' title='bbox 992 991 1140 1069; x_wconf 86' lang='lat' dir='ltr'><strong>obstrepe</strong></span> <span class='ocrx_word' id='word_1_52' title='bbox 1155 1007 1279 1068; x_wconf 85' lang='lat' dir='ltr'><strong>cunno,</strong></span> 
     </span>
     <span class='ocr_line' id='line_1_9' title="bbox 495 1071 1208 1152; baseline -0.008 -15"><span class='ocrx_word' id='word_1_53' title='bbox 495 1077 578 1137; x_wconf 81' lang='lat' dir='ltr'><strong>Etsi</strong></span> <span class='ocrx_word' id='word_1_54' title='bbox 592 1072 670 1134; x_wconf 84' lang='lat' dir='ltr'><strong>adeo</strong></span> <span class='ocrx_word' id='word_1_55' title='bbox 685 1078 768 1132; x_wconf 92' lang='lat' dir='ltr'><strong>muta</strong></span> <span class='ocrx_word' id='word_1_56' title='bbox 782 1091 832 1152; x_wconf 81' lang='lat' dir='ltr'><strong>es,</strong></span> <span class='ocrx_word' id='word_1_57' title='bbox 856 1072 942 1133; x_wconf 83' lang='lat' dir='ltr'><strong>disce</strong></span> <span class='ocrx_word' id='word_1_58' title='bbox 957 1071 1008 1134; x_wconf 80' lang='lat' dir='ltr'><strong>vel</strong></span> <span class='ocrx_word' id='word_1_59' title='bbox 1020 1072 1094 1132; x_wconf 89' lang='lat' dir='ltr'><strong>inde</strong></span> <span class='ocrx_word' id='word_1_60' title='bbox 1107 1071 1208 1152; x_wconf 86' lang='lat' dir='ltr'><strong>loqui.</strong></span> 
     </span>
    </p>
   </div>
   <div class='ocr_carea' id='block_1_3' title="bbox 852 1207 934 1268">
    <p class='ocr_par' dir='ltr' id='par_1_7' title="bbox 852 1207 934 1268">
     <span class='ocr_line' id='line_1_10' title="bbox 852 1207 934 1268; baseline -0.049 0"><span class='ocrx_word' id='word_1_61' title='bbox 852 1207 934 1268; x_wconf 85' lang='lat' dir='ltr'>XIX.</span> 
     </span>
    </p>
   </div>
   <div class='ocr_carea' id='block_1_4' title="bbox 433 1315 1281 1819">
    <p class='ocr_par' dir='ltr' id='par_1_8' title="bbox 433 1315 1281 1819">
     <span class='ocr_line' id='line_1_11' title="bbox 453 1315 1281 1399; baseline -0.005 -16"><span class='ocrx_word' id='word_1_62' title='bbox 453 1324 672 1399; x_wconf 80' lang='lat' dir='ltr'><strong>Fragmentum</strong></span> <span class='ocrx_word' id='word_1_63' title='bbox 687 1318 769 1399; x_wconf 86' lang='lat' dir='ltr'><strong>quod</strong></span> <span class='ocrx_word' id='word_1_64' title='bbox 784 1317 846 1379; x_wconf 87' lang='lat' dir='ltr'><strong>vile</strong></span> <span class='ocrx_word' id='word_1_65' title='bbox 861 1324 951 1398; x_wconf 87' lang='lat' dir='ltr'><strong>putas</strong></span> <span class='ocrx_word' id='word_1_66' title='bbox 967 1323 1000 1379; x_wconf 87' lang='lat' dir='ltr'><strong>et</strong></span> <span class='ocrx_word' id='word_1_67' title='bbox 1013 1315 1124 1377; x_wconf 87' lang='lat' dir='ltr'><strong>inutile</strong></span> <span class='ocrx_word' id='word_1_68' title='bbox 1138 1315 1281 1398; x_wconf 85' lang='lat' dir='ltr'><strong>lignum,</strong></span> 
     </span>
     <span class='ocr_line' id='line_1_12' title="bbox 495 1403 1123 1484; baseline -0.006 -19"><span class='ocrx_word' id='word_1_69' title='bbox 495 1406 582 1465; x_wconf 82' lang='lat' dir='ltr'><strong>llaec</strong></span> <span class='ocrx_word' id='word_1_70' title='bbox 596 1404 656 1463; x_wconf 90' lang='lat' dir='ltr'><strong>fuit</strong></span> <span class='ocrx_word' id='word_1_71' title='bbox 669 1404 768 1482; x_wconf 85' lang='lat' dir='ltr'><strong>ignoti</strong></span> <span class='ocrx_word' id='word_1_72' title='bbox 781 1405 882 1484; x_wconf 89' lang='lat' dir='ltr'><strong>prima</strong></span> <span class='ocrx_word' id='word_1_73' title='bbox 897 1404 1000 1463; x_wconf 89' lang='lat' dir='ltr'><strong>carina</strong></span> <span class='ocrx_word' id='word_1_74' title='bbox 1013 1403 1123 1479; x_wconf 88' lang='lat' dir='ltr'><strong>maris,</strong></span> 
     </span>
     <span class='ocr_line' id='line_1_13' title="bbox 457 1486 1227 1566; baseline 0 -18"><span class='ocrx_word' id='word_1_75' title='bbox 457 1489 554 1565; x_wconf 81' lang='lat' dir='ltr'><strong>Quam</strong></span> <span class='ocrx_word' id='word_1_76' title='bbox 567 1505 626 1547; x_wconf 91' lang='lat' dir='ltr'><strong>nec</strong></span> <span class='ocrx_word' id='word_1_77' title='bbox 641 1487 783 1566; x_wconf 79' lang='lat' dir='ltr'><strong>Cyaneae</strong></span> <span class='ocrx_word' id='word_1_78' title='bbox 799 1486 952 1566; x_wconf 87' lang='lat' dir='ltr'><strong>quondam</strong></span> <span class='ocrx_word' id='word_1_79' title='bbox 968 1493 1100 1566; x_wconf 92' lang='lat' dir='ltr'><strong>potuere</strong></span> <span class='ocrx_word' id='word_1_80' title='bbox 1114 1487 1227 1548; x_wconf 88' lang='lat' dir='ltr'><strong>ruinae</strong></span> 
     </span>
     <span class='ocr_line' id='line_1_14' title="bbox 494 1571 1184 1650; baseline -0.006 -18"><span class='ocrx_word' id='word_1_81' title='bbox 494 1573 655 1650; x_wconf 78' lang='lat' dir='ltr'><strong>Frangere</strong></span> <span class='ocrx_word' id='word_1_82' title='bbox 669 1590 728 1631; x_wconf 89' lang='lat' dir='ltr'><strong>nec</strong></span> <span class='ocrx_word' id='word_1_83' title='bbox 743 1572 882 1650; x_wconf 80' lang='lat' dir='ltr'><strong>Scythici</strong></span> <span class='ocrx_word' id='word_1_84' title='bbox 899 1572 1021 1631; x_wconf 83' lang='lat' dir='ltr'><strong>tristior</strong></span> <span class='ocrx_word' id='word_1_85' title='bbox 1034 1572 1082 1629; x_wconf 87' lang='lat' dir='ltr'><strong>ira</strong></span> <span class='ocrx_word' id='word_1_86' title='bbox 1096 1571 1184 1630; x_wconf 84' lang='lat' dir='ltr'><strong>freti.</strong></span> 
     </span>
     <span class='ocr_line' id='line_1_15' title="bbox 433 1654 1260 1736; baseline -0.004 -19"><span class='ocrx_word' id='word_1_87' title='bbox 433 1654 588 1719; x_wconf 81' lang='lat' dir='ltr'><strong>5Saecula</strong></span> <span class='ocrx_word' id='word_1_88' title='bbox 600 1657 760 1716; x_wconf 83' lang='lat' dir='ltr'><strong>vicerunt:</strong></span> <span class='ocrx_word' id='word_1_89' title='bbox 782 1654 838 1715; x_wconf 86' lang='lat' dir='ltr'><strong>red</strong></span> <span class='ocrx_word' id='word_1_90' title='bbox 854 1655 1137 1733; x_wconf 71' lang='lat' dir='ltr'><strong>quamviscessertt</strong></span> <span class='ocrx_word' id='word_1_91' title='bbox 1151 1656 1260 1736; x_wconf 83' lang='lat' dir='ltr'><strong>annis,</strong></span> 
     </span>
     <span class='ocr_line' id='line_1_16' title="bbox 480 1734 1139 1819; baseline -0.008 -18"><span class='ocrx_word' id='word_1_92' title='bbox 480 1734 483 1740; x_wconf 70' lang='grc'><strong>’</strong></span> <span class='ocrx_word' id='word_1_93' title='bbox 501 1741 648 1801; x_wconf 87' lang='lat' dir='ltr'><strong>Sanctior</strong></span> <span class='ocrx_word' id='word_1_94' title='bbox 662 1745 713 1800; x_wconf 86' lang='lat' dir='ltr'><strong>est</strong></span> <span class='ocrx_word' id='word_1_95' title='bbox 727 1739 810 1800; x_wconf 86' lang='lat' dir='ltr'><strong>salva</strong></span> <span class='ocrx_word' id='word_1_96' title='bbox 823 1759 917 1819; x_wconf 86' lang='lat' dir='ltr'><strong>parva</strong></span> <span class='ocrx_word' id='word_1_97' title='bbox 931 1737 1047 1798; x_wconf 84' lang='lat' dir='ltr'><strong>tabella</strong></span> <span class='ocrx_word' id='word_1_98' title='bbox 1061 1743 1139 1797; x_wconf 87' lang='lat' dir='ltr'><strong>rate.</strong></span> 
     </span>
    </p>
   </div>
   <div class='ocr_carea' id='block_1_5' title="bbox 855 1872 924 1934">
    <p class='ocr_par' dir='ltr' id='par_1_9' title="bbox 855 1872 924 1934">
     <span class='ocr_line' id='line_1_17' title="bbox 855 1872 924 1934; baseline 0.014 -1"><span class='ocrx_word' id='word_1_99' title='bbox 855 1872 924 1934; x_wconf 87' lang='lat' dir='ltr'><strong>XX.</strong></span> 
     </span>
    </p>
   </div>
   <div class='ocr_carea' id='block_1_6' title="bbox 383 1983 1266 3664">
    <p class='ocr_par' dir='ltr' id='par_1_10' title="bbox 383 1983 1266 3664">
     <span class='ocr_line' id='line_1_18' title="bbox 454 1983 1168 2065; baseline 0 -18"><span class='ocrx_word' id='word_1_100' title='bbox 454 1984 541 2048; x_wconf 86' lang='lat' dir='ltr'><strong>Nihil</strong></span> <span class='ocrx_word' id='word_1_101' title='bbox 555 1991 605 2046; x_wconf 86' lang='lat' dir='ltr'><strong>est</strong></span> <span class='ocrx_word' id='word_1_102' title='bbox 619 1986 762 2045; x_wconf 82' lang='lat' dir='ltr'><strong>miserius</strong></span> <span class='ocrx_word' id='word_1_103' title='bbox 777 2004 881 2065; x_wconf 87' lang='lat' dir='ltr'><strong>neque</strong></span> <span class='ocrx_word' id='word_1_104' title='bbox 895 1983 1031 2064; x_wconf 79' lang='lat' dir='ltr'><strong>gulosius</strong></span> <span class='ocrx_word' id='word_1_105' title='bbox 1046 1983 1168 2047; x_wconf 86' lang='lat' dir='ltr'><strong>Santra.</strong></span> 
     </span>
     <span class='ocr_line' id='line_1_19' title="bbox 453 2067 1151 2146; baseline -0.004 -16"><span class='ocrx_word' id='word_1_106' title='bbox 453 2071 582 2130; x_wconf 85' lang='lat' dir='ltr'><strong>Rectam</strong></span> <span class='ocrx_word' id='word_1_107' title='bbox 596 2075 721 2129; x_wconf 86' lang='lat' dir='ltr'><strong>vocatus</strong></span> <span class='ocrx_word' id='word_1_108' title='bbox 737 2089 805 2129; x_wconf 92' lang='lat' dir='ltr'><strong>oum</strong></span> <span class='ocrx_word' id='word_1_109' title='bbox 821 2070 959 2129; x_wconf 88' lang='lat' dir='ltr'><strong>cucurrit</strong></span> <span class='ocrx_word' id='word_1_110' title='bbox 973 2067 1012 2129; x_wconf 85' lang='lat' dir='ltr'><strong>ad</strong></span> <span class='ocrx_word' id='word_1_111' title='bbox 1028 2087 1151 2146; x_wconf 85' lang='lat' dir='ltr'><strong>cenam,</strong></span> 
     </span>
     <span class='ocr_line' id='line_1_20' title="bbox 455 2151 1118 2233; baseline -0.005 -19"><span class='ocrx_word' id='word_1_112' title='bbox 455 2155 552 2230; x_wconf 82' lang='lat' dir='ltr'><strong>Quam</strong></span> <span class='ocrx_word' id='word_1_113' title='bbox 565 2159 614 2212; x_wconf 90' lang='lat' dir='ltr'><strong>tot</strong></span> <span class='ocrx_word' id='word_1_114' title='bbox 627 2151 736 2213; x_wconf 86' lang='lat' dir='ltr'><strong>diebus</strong></span> <span class='ocrx_word' id='word_1_115' title='bbox 751 2155 955 2233; x_wconf 90' lang='lat' dir='ltr'><strong>noctibusque</strong></span> <span class='ocrx_word' id='word_1_116' title='bbox 970 2153 1118 2233; x_wconf 86' lang='lat' dir='ltr'><strong>captavit,</strong></span> 
     </span>
     <span class='ocr_line' id='line_1_21' title="bbox 457 2234 1215 2317; baseline -0.001 -19"><span class='ocrx_word' id='word_1_117' title='bbox 457 2238 524 2300; x_wconf 85' lang='lat' dir='ltr'><strong>Ter</strong></span> <span class='ocrx_word' id='word_1_118' title='bbox 537 2238 638 2317; x_wconf 89' lang='lat' dir='ltr'><strong>poscit</strong></span> <span class='ocrx_word' id='word_1_119' title='bbox 652 2237 719 2317; x_wconf 91' lang='lat' dir='ltr'><strong>apri</strong></span> <span class='ocrx_word' id='word_1_120' title='bbox 734 2235 912 2317; x_wconf 84' lang='lat' dir='ltr'><strong>glandulas,</strong></span> <span class='ocrx_word' id='word_1_121' title='bbox 935 2243 1045 2317; x_wconf 89' lang='lat' dir='ltr'><strong>quater</strong></span> <span class='ocrx_word' id='word_1_122' title='bbox 1058 2234 1215 2317; x_wconf 89' lang='lat' dir='ltr'><strong>lumbum,</strong></span> 
     </span>
     <span class='ocr_line' id='line_1_22' title="bbox 434 2320 1266 2403; baseline -0.012 -18"><span class='ocrx_word' id='word_1_123' title='bbox 434 2323 500 2385; x_wconf 71' lang='lat' dir='ltr'><strong>sut</strong></span> <span class='ocrx_word' id='word_1_124' title='bbox 511 2328 673 2401; x_wconf 87' lang='lat' dir='ltr'><strong>utramque</strong></span> <span class='ocrx_word' id='word_1_125' title='bbox 688 2342 793 2383; x_wconf 82' lang='lat' dir='ltr'><strong>coxam</strong></span> <span class='ocrx_word' id='word_1_126' title='bbox 806 2322 924 2403; x_wconf 88' lang='lat' dir='ltr'><strong>leporis</strong></span> <span class='ocrx_word' id='word_1_127' title='bbox 939 2329 972 2381; x_wconf 87' lang='lat' dir='ltr'><strong>ot</strong></span> <span class='ocrx_word' id='word_1_128' title='bbox 987 2320 1065 2381; x_wconf 89' lang='lat' dir='ltr'><strong>duos</strong></span> <span class='ocrx_word' id='word_1_129' title='bbox 1081 2340 1200 2400; x_wconf 79' lang='lat' dir='ltr'><strong>armos,</strong></span> <span class='ocrx_word' id='word_1_130' title='bbox 1259 2365 1266 2375; x_wconf 92' lang='lat'>.</span> 
     </span>
     <span class='ocr_line' id='line_1_23' title="bbox 456 2403 1017 2486; baseline -0.004 -19"><span class='ocrx_word' id='word_1_131' title='bbox 456 2407 522 2467; x_wconf 87' lang='lat' dir='ltr'><strong>Nec</strong></span> <span class='ocrx_word' id='word_1_132' title='bbox 536 2407 694 2466; x_wconf 85' lang='lat' dir='ltr'><strong>erubescit</strong></span> <span class='ocrx_word' id='word_1_133' title='bbox 706 2408 851 2486; x_wconf 88' lang='lat' dir='ltr'><strong>peierare</strong></span> <span class='ocrx_word' id='word_1_134' title='bbox 868 2405 908 2465; x_wconf 89' lang='lat' dir='ltr'><strong>de</strong></span> <span class='ocrx_word' id='word_1_135' title='bbox 923 2403 1017 2467; x_wconf 79' lang='lat' dir='ltr'><strong>turtlo</strong></span> 
     </span>
     <span class='ocr_line' id='line_1_24' title="bbox 455 2489 1063 2571; baseline -0.005 -20"><span class='ocrx_word' id='word_1_136' title='bbox 455 2491 498 2551; x_wconf 80' lang='lat' dir='ltr'><strong>llt</strong></span> <span class='ocrx_word' id='word_1_137' title='bbox 512 2496 685 2552; x_wconf 89' lang='lat' dir='ltr'><strong>ostreorum</strong></span> <span class='ocrx_word' id='word_1_138' title='bbox 699 2509 811 2571; x_wconf 85' lang='lat' dir='ltr'><strong>rapere</strong></span> <span class='ocrx_word' id='word_1_139' title='bbox 825 2489 939 2550; x_wconf 84' lang='lat' dir='ltr'><strong>lividos</strong></span> <span class='ocrx_word' id='word_1_140' title='bbox 955 2492 1063 2550; x_wconf 86' lang='lat' dir='ltr'><strong>cirros.</strong></span> 
     </span>
     <span class='ocr_line' id='line_1_25' title="bbox 455 2569 1140 2655; baseline -0.006 -21"><span class='ocrx_word' id='word_1_141' title='bbox 455 2574 561 2635; x_wconf 85' lang='lat' dir='ltr'><strong>Dulcis</strong></span> <span class='ocrx_word' id='word_1_142' title='bbox 574 2574 717 2655; x_wconf 87' lang='lat' dir='ltr'><strong>placenta</strong></span> <span class='ocrx_word' id='word_1_143' title='bbox 734 2569 890 2635; x_wconf 82' lang='lat' dir='ltr'><strong>sordidam</strong></span> <span class='ocrx_word' id='word_1_144' title='bbox 905 2574 977 2634; x_wconf 89' lang='lat' dir='ltr'><strong>linit</strong></span> <span class='ocrx_word' id='word_1_145' title='bbox 992 2591 1140 2653; x_wconf 89' lang='lat' dir='ltr'><strong>mappam.</strong></span> 
     </span>
     <span class='ocr_line' id='line_1_26' title="bbox 453 2656 1010 2735; baseline -0.002 -16"><span class='ocrx_word' id='word_1_146' title='bbox 453 2658 522 2720; x_wconf 88' lang='lat' dir='ltr'><strong>lllic</strong></span> <span class='ocrx_word' id='word_1_147' title='bbox 536 2666 569 2719; x_wconf 86' lang='lat' dir='ltr'><strong>et</strong></span> <span class='ocrx_word' id='word_1_148' title='bbox 583 2678 659 2720; x_wconf 88' lang='lat' dir='ltr'><strong>uvae</strong></span> <span class='ocrx_word' id='word_1_149' title='bbox 674 2659 865 2721; x_wconf 85' lang='lat' dir='ltr'><strong>collocantur</strong></span> <span class='ocrx_word' id='word_1_150' title='bbox 879 2656 1010 2735; x_wconf 80' lang='lat' dir='ltr'><strong>ollares,</strong></span> 
     </span>
     <span class='ocr_line' id='line_1_27' title="bbox 413 2740 1089 2823; baseline -0.007 -18"><span class='ocrx_word' id='word_1_151' title='bbox 413 2744 494 2806; x_wconf 77' lang='lat' dir='ltr'><strong>1oEt</strong></span> <span class='ocrx_word' id='word_1_152' title='bbox 507 2743 692 2804; x_wconf 89' lang='lat' dir='ltr'><strong>Punicorum</strong></span> <span class='ocrx_word' id='word_1_153' title='bbox 706 2764 803 2823; x_wconf 91' lang='lat' dir='ltr'><strong>pauca</strong></span> <span class='ocrx_word' id='word_1_154' title='bbox 816 2763 910 2822; x_wconf 80' lang='lat' dir='ltr'><strong>gram</strong></span> <span class='ocrx_word' id='word_1_155' title='bbox 925 2740 1089 2819; x_wconf 85' lang='lat' dir='ltr'><strong>malorum,</strong></span> 
     </span>
     <span class='ocr_line' id='line_1_28' title="bbox 454 2825 1084 2906; baseline -0.005 -19"><span class='ocrx_word' id='word_1_156' title='bbox 454 2828 497 2887; x_wconf 83' lang='lat' dir='ltr'><strong>Et</strong></span> <span class='ocrx_word' id='word_1_157' title='bbox 511 2832 672 2886; x_wconf 84' lang='lat' dir='ltr'><strong>excavatae</strong></span> <span class='ocrx_word' id='word_1_158' title='bbox 687 2826 778 2906; x_wconf 81' lang='lat' dir='ltr'><strong>pellis</strong></span> <span class='ocrx_word' id='word_1_159' title='bbox 793 2826 944 2887; x_wconf 82' lang='lat' dir='ltr'><strong>indecens</strong></span> <span class='ocrx_word' id='word_1_160' title='bbox 959 2825 1084 2903; x_wconf 84' lang='lat' dir='ltr'><strong>volvae,</strong></span> 
     </span>
     <span class='ocr_line' id='line_1_29' title="bbox 458 2908 1025 2991; baseline 0.002 -20"><span class='ocrx_word' id='word_1_161' title='bbox 458 2911 500 2971; x_wconf 82' lang='lat' dir='ltr'><strong>Et</strong></span> <span class='ocrx_word' id='word_1_162' title='bbox 512 2909 598 2989; x_wconf 90' lang='lat' dir='ltr'><strong>lippa</strong></span> <span class='ocrx_word' id='word_1_163' title='bbox 611 2910 687 2970; x_wconf 86' lang='lat' dir='ltr'><strong>licus</strong></span> <span class='ocrx_word' id='word_1_164' title='bbox 704 2909 878 2991; x_wconf 85' lang='lat' dir='ltr'><strong>debilisque</strong></span> <span class='ocrx_word' id='word_1_165' title='bbox 893 2908 1025 2972; x_wconf 91' lang='lat' dir='ltr'><strong>boletus.</strong></span> 
     </span>
     <span class='ocr_line' id='line_1_30' title="bbox 456 2992 1230 3076; baseline -0.001 -22"><span class='ocrx_word' id='word_1_166' title='bbox 456 2992 521 3054; x_wconf 84' lang='lat' dir='ltr'><strong>Sed</strong></span> <span class='ocrx_word' id='word_1_167' title='bbox 535 3013 644 3073; x_wconf 89' lang='lat' dir='ltr'><strong>mappa</strong></span> <span class='ocrx_word' id='word_1_168' title='bbox 658 3014 726 3053; x_wconf 89' lang='lat' dir='ltr'><strong>cnm</strong></span> <span class='ocrx_word' id='word_1_169' title='bbox 740 2996 799 3054; x_wconf 89' lang='lat' dir='ltr'><strong>iam</strong></span> <span class='ocrx_word' id='word_1_170' title='bbox 814 2995 901 3056; x_wconf 87' lang='lat' dir='ltr'><strong>mille</strong></span> <span class='ocrx_word' id='word_1_171' title='bbox 915 2997 1068 3076; x_wconf 89' lang='lat' dir='ltr'><strong>rumpitur</strong></span> <span class='ocrx_word' id='word_1_172' title='bbox 1081 2992 1193 3070; x_wconf 69' lang='lat' dir='ltr'><strong>furtis,</strong></span> <span class='ocrx_word' id='word_1_173' title='bbox 1229 3056 1230 3059; x_wconf 60' lang='grc'>,</span> 
     </span>
     <span class='ocr_line' id='line_1_31' title="bbox 454 3077 1126 3158; baseline -0.001 -21"><span class='ocrx_word' id='word_1_174' title='bbox 454 3079 553 3138; x_wconf 81' lang='lat' dir='ltr'><strong>Rosos</strong></span> <span class='ocrx_word' id='word_1_175' title='bbox 566 3080 689 3157; x_wconf 89' lang='lat' dir='ltr'><strong>tepenti</strong></span> <span class='ocrx_word' id='word_1_176' title='bbox 703 3078 873 3158; x_wconf 81' lang='lat' dir='ltr'><strong>spondylos</strong></span> <span class='ocrx_word' id='word_1_177' title='bbox 889 3080 958 3139; x_wconf 86' lang='lat' dir='ltr'><strong>sinu</strong></span> <span class='ocrx_word' id='word_1_178' title='bbox 973 3077 1080 3140; x_wconf 86' lang='lat' dir='ltr'><strong>condit</strong></span> <span class='ocrx_word' id='word_1_179' title='bbox 1123 3115 1126 3121; x_wconf 89' lang='lat'>-</span> 
     </span>
     <span class='ocr_line' id='line_1_32' title="bbox 413 3160 1105 3243; baseline -0.004 -19"><span class='ocrx_word' id='word_1_180' title='bbox 413 3163 495 3225; x_wconf 72' lang='lat' dir='ltr'><strong>mut</strong></span> <span class='ocrx_word' id='word_1_181' title='bbox 511 3160 657 3222; x_wconf 85' lang='lat' dir='ltr'><strong>devorato</strong></span> <span class='ocrx_word' id='word_1_182' title='bbox 670 3164 770 3243; x_wconf 87' lang='lat' dir='ltr'><strong>capite</strong></span> <span class='ocrx_word' id='word_1_183' title='bbox 786 3169 940 3223; x_wconf 88' lang='lat' dir='ltr'><strong>turturem</strong></span> <span class='ocrx_word' id='word_1_184' title='bbox 954 3171 1105 3224; x_wconf 89' lang='lat' dir='ltr'><strong>truncum.</strong></span> 
     </span>
     <span class='ocr_line' id='line_1_33' title="bbox 456 3244 1129 3328; baseline -0.003 -21"><span class='ocrx_word' id='word_1_185' title='bbox 456 3245 615 3325; x_wconf 78' lang='lat' dir='ltr'><strong>Colligere</strong></span> <span class='ocrx_word' id='word_1_186' title='bbox 628 3244 722 3327; x_wconf 89' lang='lat' dir='ltr'><strong>longa</strong></span> <span class='ocrx_word' id='word_1_187' title='bbox 736 3254 829 3328; x_wconf 88' lang='lat' dir='ltr'><strong>turpe</strong></span> <span class='ocrx_word' id='word_1_188' title='bbox 843 3266 903 3309; x_wconf 85' lang='lat' dir='ltr'><strong>nec</strong></span> <span class='ocrx_word' id='word_1_189' title='bbox 916 3253 1004 3328; x_wconf 88' lang='lat' dir='ltr'><strong>putat</strong></span> <span class='ocrx_word' id='word_1_190' title='bbox 1020 3246 1129 3307; x_wconf 77' lang='lat' dir='ltr'><strong>(lextra</strong></span> 
     </span>
     <span class='ocr_line' id='line_1_34' title="bbox 383 3329 1140 3412; baseline -0.001 -21"><span class='ocrx_word' id='word_1_191' title='bbox 383 3340 386 3343; x_wconf 75' lang='grc'>’</span> <span class='ocrx_word' id='word_1_192' title='bbox 453 3329 603 3392; x_wconf 83' lang='lat' dir='ltr'><strong>Analecta</strong></span> <span class='ocrx_word' id='word_1_193' title='bbox 618 3331 768 3411; x_wconf 86' lang='lat' dir='ltr'><strong>quidquid</strong></span> <span class='ocrx_word' id='word_1_194' title='bbox 782 3339 815 3392; x_wconf 88' lang='lat' dir='ltr'><strong>et</strong></span> <span class='ocrx_word' id='word_1_195' title='bbox 829 3352 921 3392; x_wconf 82' lang='lat' dir='ltr'><strong>cauea</strong></span> <span class='ocrx_word' id='word_1_196' title='bbox 935 3331 1140 3412; x_wconf 86' lang='lat' dir='ltr'><strong>reliquerunt.</strong></span> 
     </span>
     <span class='ocr_line' id='line_1_35' title="bbox 455 3414 1085 3497; baseline 0.002 -23"><span class='ocrx_word' id='word_1_197' title='bbox 455 3414 521 3475; x_wconf 88' lang='lat' dir='ltr'><strong>Nec</strong></span> <span class='ocrx_word' id='word_1_198' title='bbox 536 3414 695 3476; x_wconf 88' lang='lat' dir='ltr'><strong>esculenta</strong></span> <span class='ocrx_word' id='word_1_199' title='bbox 713 3416 830 3476; x_wconf 84' lang='lat' dir='ltr'><strong>sufficit</strong></span> <span class='ocrx_word' id='word_1_200' title='bbox 844 3416 936 3495; x_wconf 85' lang='lat' dir='ltr'><strong>gulae</strong></span> <span class='ocrx_word' id='word_1_201' title='bbox 951 3414 1085 3497; x_wconf 86' lang='lat' dir='ltr'><strong>praeda,</strong></span> 
     </span>
     <span class='ocr_line' id='line_1_36' title="bbox 453 3498 1087 3582; baseline 0.008 -24"><span class='ocrx_word' id='word_1_202' title='bbox 453 3498 552 3559; x_wconf 82' lang='lat' dir='ltr'><strong>Mixto</strong></span> <span class='ocrx_word' id='word_1_203' title='bbox 566 3498 825 3582; x_wconf 87' lang='lat' dir='ltr'><strong>lagonam-replet</strong></span> <span class='ocrx_word' id='word_1_204' title='bbox 839 3500 879 3561; x_wconf 80' lang='lat' dir='ltr'><strong>ad</strong></span> <span class='ocrx_word' id='word_1_205' title='bbox 892 3500 989 3582; x_wconf 87' lang='lat' dir='ltr'><strong>pedes</strong></span> <span class='ocrx_word' id='word_1_206' title='bbox 1007 3501 1087 3563; x_wconf 80' lang='lat' dir='ltr'><strong>uiuo.</strong></span> 
     </span>
     <span class='ocr_line' id='line_1_37' title="bbox 410 3578 1192 3664; baseline -0.001 -21"><span class='ocrx_word' id='word_1_207' title='bbox 410 3581 539 3643; x_wconf 68' lang='lat' dir='ltr'><strong>conseo</strong></span> <span class='ocrx_word' id='word_1_208' title='bbox 552 3602 611 3664; x_wconf 88' lang='lat' dir='ltr'><strong>per</strong></span> <span class='ocrx_word' id='word_1_209' title='bbox 626 3583 772 3647; x_wconf 85' lang='lat' dir='ltr'><strong>ducentas</strong></span> <span class='ocrx_word' id='word_1_210' title='bbox 785 3603 853 3645; x_wconf 89' lang='lat' dir='ltr'><strong>cum</strong></span> <span class='ocrx_word' id='word_1_211' title='bbox 869 3585 991 3646; x_wconf 89' lang='lat' dir='ltr'><strong>domum</strong></span> <span class='ocrx_word' id='word_1_212' title='bbox 1005 3583 1079 3646; x_wconf 89' lang='lat' dir='ltr'><strong>tulit</strong></span> <span class='ocrx_word' id='word_1_213' title='bbox 1093 3578 1192 3644; x_wconf 80' lang='lat' dir='ltr'><strong>scalas</strong></span> 
     </span>
    </p>
   </div>
   <div class='ocr_carea' id='block_1_7' title="bbox 265 3715 513 4163">
    <p class='ocr_par' dir='ltr' id='par_1_11' title="bbox 265 3715 513 4163">
     <span class='ocr_line' id='line_1_38' title="bbox 265 3715 513 4163; baseline -0.004 -162"><span class='ocrx_word' id='word_1_214' title='bbox 265 3715 419 4163; x_wconf 66' lang='lat' dir='ltr'><strong>y</strong></span> <span class='ocrx_word' id='word_1_215' title='bbox 511 3995 513 4000; x_wconf 0' lang='lat' dir='ltr'><strong> </strong></span> 
     </span>
    </p>
   </div>
   <div class='ocr_carea' id='block_1_8' title="bbox 0 0 1722 4575">
    <p class='ocr_par' dir='ltr' id='par_1_12' title="bbox 0 0 1722 4575">
     <span class='ocr_line' id='line_1_39' title="bbox 0 0 1722 4575; baseline 0 0"><span class='ocrx_word' id='word_1_216' title='bbox 0 0 1722 4575; x_wconf 95' lang='lat' dir='ltr'><strong> </strong></span> 
     </span>
    </p>
   </div>
  </div>
 </body>
</html>
