3434 4575
675 454 720 515 ιι,
736 451 1073 545 mummulus
1105 495 1108 502 .

808 654 943 716 LXXIX

438 773 568 854 Semper
582 774 646 852 agia
661 791 765 832 onnam
781 778 815 831 et
828 789 881 831 rea
896 772 978 849 agn,
1000 770 1125 851 Attalo,
1146 792 1290 857 tempera

349 888 352 894 ·
477 858 552 935 Eat,
571 875 634 916 non
649 863 697 916 eat
713 854 796 933 quod
810 873 898 934 agae,
921 853 1042 933 Attale,
1063 875 1188 938 semper
1201 863 1278 940 agia.

438 942 471 1002 Si
484 959 538 1001 rea
551 946 585 1000 et
598 958 706 1000 cannae
724 939 852 1016 desunt,
874 940 955 1017 agia,
977 938 1100 1019 Attale,
1121 941 1230 1006 mulas.

479 1022 602 1103 Attale,
623 1022 762 1103 nequod
779 1019 964 1100 agasdem,
987 1041 1057 1102 agae
1076 1027 1216 1088 animam

806 1154 929 1215 LXXX.

437 1270 598 1354 Sportula,
619 1271 720 1350 (lane,
741 1271 800 1331 tibi
813 1289 958 1349 mprema
972 1277 1065 1331 nocte
1078 1272 1177 1350 petita
1192 1281 1252 1338 eat

479 1353 603 1417 Occidit
617 1360 692 1435 puto
707 1360 758 1433 te,
779 1354 881 1431 (iane,
903 1352 985 1432 quod
998 1374 1058 1414 una
1070 1355 1138 1418 fuit.

804 1486 939 1549 LXXXL

436 1603 464 1660 A
479 1620 569 1661 servo
585 1602 646 1662 aeis
659 1608 692 1661 te
707 1601 843 1680 genitum
859 1598 1036 1679 blandeque
1050 1602 1176 1681 fateris,

479 1685 556 1745 Cum
571 1685 649 1746 (licia
664 1685 836 1761 dominum,
858 1685 1037 1765 Sosibiane,
1055 1692 1188 1766 patrem.

794 1821 944 1885 LXXXII.

435 1936 522 1997 llaec
537 1954 616 2016 qnae
630 1933 759 2016 pulvere
776 1935 925 2016 dissipata
939 1930 1034 1992 multo

435 2023 556 2100 Longas
569 2021 708 2100 portione
723 2018 859 2099 explieat
871 2019 996 2094 ruinas,

435 2106 470 2165 ln
484 2110 571 2164 tanto
585 2106 668 2164 iacet
682 2102 823 2162 absoluta
836 2120 917 2161 casn.

436 2189 545 2248 Tectis
562 2206 632 2246 nam
646 2184 737 2245 modo
753 2183 890 2263 Regulus
905 2185 960 2243 snb
975 2182 1040 2243 illis

413 2273 584 2335 attestatas
596 2271 701 2330 iuerat
715 2273 974 2347 recesseratque,

436 2357 528 2420 Victa
543 2361 592 2415 est
604 2352 746 2435 pondere
761 2373 829 2414 eum
843 2372 899 2413 auo
913 2359 1064 2433 repente3

435 2442 478 2501 Et
490 2446 653 2521 postquam
669 2436 793 2497 domino
810 2436 891 2497 nihil
911 2438 1055 2514 timebat,

437 2526 554 2584 Securo
571 2524 635 2582 ruit
648 2522 813 2581 incruenta
827 2520 947 2580 damno.

436 2608 573 2684 Tantae,
594 2603 730 2684 Regulo,
748 2612 821 2685 post
836 2612 951 2665 metum
966 2602 1127 2683 querellae

397 2692 514 2768 lanis
529 2710 632 2751 euram
647 2697 743 2769 neget
757 2708 827 2750 ease
842 2696 875 2749 te
892 2688 1037 2763 deornm,

434 2777 570 2856 Propter
586 2793 677 2853 quem
690 2775 751 2834 init
763 2775 913 2833 innocens
927 2771 1038 2832 ruina?

790 2906 952 2968 LXXXIII.

440 3023 483 3083 Oa
499 3028 532 3082 et
549 3020 637 3081 labra
651 3021 710 3080 tibi
722 3017 831 3097 lingit,
851 3018 992 3095 Manem,
1014 3014 1159 3078 catellus:

477 3107 547 3166 Non
560 3106 673 3180 miror,
694 3100 818 3161 merdas
835 3103 863 3161 ai
877 3100 957 3161 libet
971 3119 1040 3162 esse
1058 3101 1135 3166 cani.

793 3234 958 3297 LXXXIV.

435 3352 571 3412 Uxorem
586 3346 760 3408 habendam
773 3367 835 3407 non
849 3353 939 3427 putat
953 3344 1136 3425 Quirinalia,

437 3435 515 3495 cum
528 3432 604 3492 velit
616 3433 734 3492 habere
747 3430 846 3509 filios,
869 3438 902 3491 et
919 3433 1038 3491 invenit

436 3518 504 3594 Quo
517 3517 616 3597 possit
628 3515 712 3576 istud
727 3533 829 3576 more:
850 3516 946 3576 futuit
960 3513 1085 3575 ancillas

437 3601 628 3679 Domumque
643 3604 676 3661 et
689 3618 779 3679 agroa
792 3597 904 3679 implet
918 3600 1073 3678 equitibus
1085 3595 1199 3659 vernia.

437 3685 533 3746 Pater
548 3685 682 3746 familiae
697 3702 788 3744 verna
803 3690 852 3744 eat
867 3680 1045 3760 Quirinalia.
