3434 4575
362 399 426 464 166
684 395 729 457 nt
745 394 838 459 VAL.
853 392 1082 455 MARTlALlS

833 596 941 659 LXIV.

446 713 506 789 Qui
521 721 630 772 tonsor
643 718 710 769 tota
722 710 827 769 fueras
842 710 1019 768 notissimus
1031 710 1128 788 urbe,

486 797 528 856 lit
546 795 693 875 posthoc
708 792 849 853 dominae
865 811 993 852 munere
1007 793 1109 852 factus
1124 812 1244 875 eques,

446 881 584 941 Sicanias
599 879 692 938 urbes
706 878 907 954 Aetnaeaque
922 894 1018 954 regna
1031 878 1158 955 petisti,

487 965 653 1039 Ginname,
672 981 740 1021 cum
755 962 881 1038 lugeres
896 961 998 1019 tristia
1011 963 1079 1019 iura
1093 960 1167 1021 fori.

423 1050 513 1125 5Qua
530 1066 611 1106 nuuc
626 1054 693 1105 arte
707 1063 815 1122 graves
830 1043 979 1104 tolerabis
990 1042 1111 1103 inutilis
1123 1047 1249 1107 annosi

488 1129 570 1209 Quid
583 1130 659 1189 facit
673 1128 784 1188 infelix
798 1139 832 1186 et
842 1128 970 1205 fugitiva
985 1129 1095 1204 quies?

446 1215 517 1275 Non
530 1215 657 1289 rhetor,
678 1232 741 1272 non
755 1213 969 1290 grammaticus
983 1210 1089 1271 ludive
1106 1214 1278 1294 magister,

487 1297 557 1357 Non
572 1297 722 1376 Cynicus,
743 1315 806 1355 non
820 1305 854 1355 tu
869 1295 991 1354 Stoicus
1006 1313 1076 1354 esse
1089 1302 1199 1375 potes,

446 1380 595 1443 Vendere
610 1398 668 1438 nec
681 1399 788 1439 vocem
803 1377 917 1438 Siculis
931 1377 1134 1458 plausumque
1151 1381 1305 1442 theatris:

404 1478 439 1529 ιο
487 1462 577 1541 Quod
591 1471 751 1542 superest,
770 1465 903 1540 iterum,
925 1462 1089 1542 Cinname,
1110 1471 1223 1525 tonsor
1237 1467 1315 1530 eris.

834 1595 929 1658 LXV.

443 1712 498 1772 Lis
512 1716 546 1769 tc
563 1709 611 1768 bis
627 1706 765 1767 decimae
780 1717 992 1768 numerantem
1006 1709 1124 1788 frigora
1138 1711 1271 1771 brumae

488 1793 633 1855 conterit
649 1811 711 1851 uua
723 1793 841 1870 tribus,
864 1792 1058 1871 Gargiliane,
1079 1793 1167 1854 foris.

443 1879 494 1938 Ah
507 1878 602 1936 miser
616 1883 651 1935 et
664 1874 807 1934 demens!
828 1876 939 1954 viginti
953 1875 1056 1955 litigat
1071 1878 1160 1936 annis

487 1960 671 2039 Quisquam,
694 1961 743 2017 cui
757 1961 856 2036 vinci,
880 1959 1075 2039 Gargiliane,
1095 1959 1197 2020 licet?

830 2100 938 2170 LXVI.

443 2218 604 2282 Heredem
616 2219 731 2279 Fabius
745 2220 914 2281 Labienum
929 2239 968 2279 ex
982 2238 1049 2279 asse
1067 2219 1213 2300 reliquit:

485 2303 562 2365 Plus
576 2305 728 2365 meruisse
741 2312 845 2365 tamen
859 2324 894 2366 se
907 2305 1062 2365 Labienus
1077 2305 1129 2367 ait.

822 2439 943 2503 vafl.
1013 2488 1018 2495 .

442 2551 592 2613 Paedicat
605 2571 719 2635 pueros
732 2554 831 2612 tribas
845 2550 1005 2612 Philaenis

442 2637 485 2695 nt
499 2638 653 2716 tentigine
667 2638 788 2697 saevior
802 2637 906 2695 mariti

442 2719 592 2780 Undenas
605 2728 693 2781 vorat
705 2722 737 2780 in
754 2720 804 2780 die
817 2717 946 2799 puellas.

442 2802 597 2881 Harpasto
612 2822 735 2882 quoque
748 2801 900 2881 subligata
911 2801 993 2861 ludit

421 2886 488 2949 5Et
497 2885 636 2945 flavescit
648 2888 767 2965 haphe,
784 2904 954 2964 gravesque
969 2884 1091 2946 draucis

444 2968 590 3029 Halteras
607 2968 692 3028 facili
709 2977 792 3029 rotat
805 2969 942 3046 lacerto,

443 3054 486 3113 Et
500 3054 585 3133 putri
598 3051 753 3113 lutulenta
768 3052 807 3110 de
819 3052 975 3131 palaestra

443 3139 539 3198 Uncti
552 3138 685 3197 uerbere
698 3134 822 3215 vapulat
835 3137 991 3213 magistri:

442 3221 508 3281 Nec
523 3228 613 3281 cenat
627 3222 714 3301 priua
729 3227 781 3280 aut
796 3220 950 3279 recumbit
963 3226 1051 3297 ante,

401 3306 537 3381 loQuam
549 3313 669 3385 septem
683 3306 799 3366 vomuit
811 3321 915 3363 meros
933 3302 1088 3377 deuncem

443 3387 492 3448 Ad
506 3410 582 3468 quos
597 3390 644 3449 fas
660 3390 720 3449 sibi
734 3396 808 3449 tunc
822 3392 911 3468 putat
925 3387 1058 3466 reverti,

443 3473 520 3531 Cum
534 3472 668 3553 coliphia
680 3473 816 3534 sedecim
831 3470 975 3532 comedit.

441 3555 518 3615 Post
532 3558 610 3616 haec
624 3558 725 3617 omnia
740 3577 808 3617 cum
821 3554 1019 3630 libidinatur,

440 3639 510 3699 Non
523 3638 671 3701 fellat-
683 3647 772 3722 putat
786 3642 845 3700 hoc
858 3659 966 3721 parum
980 3636 1071 3700 virile
1089 3670 1147 3721 -3
