3434 4575
582 491 925 553 EPIGRAMMA'I’ON
937 492 1011 555 LIB.
1026 493 1092 557 VII.
1302 496 1363 562 149

788 646 893 706 XCIII.
909 635 912 639 ¹

404 747 483 806 'I‘am
496 742 577 804 male
593 745 689 804 Thais
705 743 786 822 olet,
809 764 899 822 quam
913 764 975 804 non
990 742 1118 806 fullonis
1134 748 1217 807 avari

447 829 544 890 Testa
557 834 662 906 retus,
684 827 785 888 media
803 828 859 888 sed
875 827 966 888 modo
981 829 1157 908 fracturis,

403 915 472 975 Non
487 914 524 972 ab
541 931 645 972 amore
662 931 774 973 recens
788 913 909 991 hircus,
932 932 993 971 non
1009 933 1063 973 ora
1077 912 1195 994 leonis,

445 997 514 1057 Non
531 995 671 1056 detracta
686 999 754 1056 euni
768 997 991 1056 transtiberina
1006 999 1102 1072 cntis;

382 1079 516 1145 oPuIlus
532 1082 670 1140 abortivo
686 1099 745 1140 nec
758 1100 825 1140 cum
839 1082 994 1160 putrescii
1009 1081 1041 1140 in
1057 1100 1128 1160 ovo,

445 1166 602 1244 Amphora
618 1171 764 1243 corrupto
780 1183 839 1224 nec
853 1165 960 1223 vitiata
976 1183 1057 1242 garo.

404 1250 498 1312 Virus
511 1254 544 1308 ut
558 1249 618 1307 hoc
634 1247 693 1308 alio
708 1246 803 1307 fallax
817 1254 975 1326 permutet
990 1248 1101 1326 odore,

447 1332 596 1412 DeposIta
610 1333 754 1410 quotiens
771 1330 884 1391 balnea
897 1339 984 1391 veste
998 1334 1094 1411 petii:

402 1415 562 1477 Psilothro
576 1417 658 1475 viret
672 1422 724 1475 aut
738 1415 825 1476 acida
839 1414 918 1475 latet
934 1415 1030 1476 oblita
1046 1423 1147 1494 creta,

360 1511 396 1563 10
444 1502 507 1560 Aut
520 1501 637 1578 tegitur
652 1501 759 1579 pingui
775 1506 886 1579 terque
902 1506 1073 1578 quaterque
1088 1501 1167 1561 faba.

404 1585 480 1645 Cum
497 1586 577 1644 bene
592 1602 626 1643 se
642 1590 739 1643 tutam
753 1602 811 1664 per
824 1583 951 1643 fraudes
966 1583 1054 1644 mille
1067 1585 1201 1665 putavit,

448 1669 557 1728 Omnia
572 1687 640 1728 cum
653 1668 747 1745 fecit,
771 1665 892 1727 Thaida
908 1667 1004 1728 Thais
1019 1666 1094 1728 olet.

788 1800 897 1862 XCIV.

401 1899 563 1960 Ponuntur
577 1917 700 1979 semper
715 1896 923 1977 chrysendeta
936 1896 1116 1979 Calpetiano

404 2003 406 2006 ⁴
445 1983 517 2044 Siue
531 1985 627 2062 foris,
650 2001 788 2042 seucum
804 1983 939 2041 cenaIIn
957 1983 1035 2041 urbe
1053 1981 1143 2042 domi.

403 2066 456 2132 Sic
472 2069 564 2128 etiam
578 2071 610 2128 in
627 2065 748 2128 stabulo
764 2084 903 2146 semper,
925 2066 970 2124 sic
988 2072 1077 2126 cenat
1091 2068 1123 2126 in
1140 2086 1223 2145 agro.

445 2151 514 2211 Non
529 2153 624 2231 habet
639 2170 713 2230 ergo
729 2149 836 2211 alind?
865 2149 934 2209 Non
948 2150 1043 2210 habet
1057 2151 1148 2211 immo
1164 2170 1262 2214 annm.

612 2517 658 2588 ιι.
689 2518 791 2589 vm.
816 2516 1073 2589 nunnius

522 2686 1157 2781 urlooruuh'roo

714 2870 876 2930 LIBER
904 2871 969 2933 VII.

831 3055 853 3113 I.

339 3235 345 3244 ,
401 3167 518 3248 Accipe
533 3165 706 3249 beIlIgerae
721 3168 849 3230 crudum
863 3171 991 3229 thoraca
1004 3167 1183 3248 Minervae,

447 3253 516 3332 ipsa
529 3252 718 3313 Medusaeae
735 3272 826 3333 quem
840 3253 991 3313 timetirn
1007 3271 1120 3313 comae.

403 3336 482 3396 Dum
494 3341 599 3413 uacat,
618 3336 711 3414 haec,
734 3336 864 3414 Caesar,
887 3337 1005 3415 poterit
1019 3333 1117 3396 lorica
1130 3336 1249 3396 vocaris

445 3420 578 3478 Pectore
595 3437 662 3477 eum
677 3437 764 3477 sacro
779 3418 915 3497 sederit,
937 3419 1021 3496 aegis
1036 3420 1107 3483 erit.

824 3551 857 3611 ιι.
937 3529 939 3534 ’

401 3650 485 3713 Invia
503 3648 679 3709 Sarmaticis
695 3647 811 3710 domini
823 3649 923 3711 lorica
939 3650 1058 3729 sagittis

446 3735 488 3796 ut
502 3734 615 3796 Martis
630 3734 741 3795 Getico
755 3740 883 3818 tergore
898 3734 960 3795 fida
974 3734 1085 3815 magis,
