3434 4575
334 329 396 396 18⁶
655 326 701 389 ii.
716 324 808 387 VAL.
824 322 1052 385 MARTIALIS

396 483 462 546 alit
476 495 565 539 manc
580 475 671 536 sudas
685 479 771 538 urbis
787 477 901 538 osculis
912 475 1007 555 udus,

420 566 567 642 Foroque
582 560 701 641 triplici
715 580 838 642 sparsus
854 567 926 622 ante
944 581 1041 639 equos
1056 580 1166 623 omues

417 648 599 726 Aedemque
613 645 725 706 Martis
741 653 773 705 et
788 644 931 705 colosson
945 646 1093 724 Augusti,

420 733 529 794 Curris
543 748 601 811 per
616 749 722 789 omnes
736 732 908 808 tertiasque
923 731 1120 808 quintaeque.

419 818 521 897 Rape,
543 832 694 892 congere,
716 814 820 890 aufer,
842 813 984 893 posside:
1006 813 1251 894 relinquendum
1266 822 1326 879 cat.

378 914 413 965 10
420 901 561 981 Superba
575 898 678 958 densis
693 918 764 957 arca
776 895 894 978 palleat
910 898 1057 975 nummis,

421 986 552 1046 Centum
568 980 762 1062 explicentur
774 982 904 1062 paginae
918 980 1147 1061 Kalendarum,

288 1068 290 1073 ’
421 1069 538 1131 Iurabit
552 1068 663 1144 heres,
684 1072 717 1125 te
731 1064 811 1126 nihil
825 1063 1007 1145 reliquisse,

420 1155 581 1233 Supraque
594 1149 733 1230 pluteum
747 1157 780 1209 te
794 1151 917 1210 iacente
935 1148 985 1209 vel
999 1169 1120 1230 suum,

419 1237 533 1298 Fartus
548 1254 665 1315 papyro
681 1234 753 1294 dum
766 1235 826 1294 tihi
841 1240 928 1293 torus
943 1235 1073 1312 crescit,
1435 1292 1438 1299 ,

379 1320 549 1384 lollleutes
566 1319 717 1397 superbus
732 1319 863 1378 basiabit
880 1318 1054 1392 cunuchos;
1292 1352 1329 1419 ⁸
1429 1358 1439 1397 3

422 1405 554 1482 Tuoque
568 1401 668 1461 tristis
681 1400 781 1478 iilius,
803 1399 882 1460 velis
896 1400 996 1480 nolis,

422 1488 498 1549 Cum
515 1486 685 1545 concubino
701 1491 793 1546 nocte
809 1484 944 1546 dormiet
958 1486 1066 1566 prima

805 1645 899 1708 XLV.

420 1756 545 1816 Priscus
560 1757 597 1816 ab
613 1757 760 1817 Aetnaeis
774 1758 866 1835 mihi,
887 1754 1017 1834 Flacce,
1041 1754 1216 1817 Terentius
1232 1758 1301 1818 oris

462 1840 631 1901 Redditur:
650 1841 730 1900 hanc
743 1840 842 1901 lucem
859 1840 961 1901 lactea
978 1859 1096 1919 gemma
1111 1846 1212 1901 notet.

421 1925 544 1984 Defluat
559 1930 592 1984 et
604 1922 691 1985 lento
707 1922 906 2004 splendescat
920 1922 1043 1984 turbida
1058 1921 1125 1999 lino

464 2009 621 2088 Amphora
636 2014 768 2069 centeno
784 2008 910 2069 consule
925 2009 1006 2068 iacta
1021 2008 1131 2068 minor.

400 2093 593 2169 acontinget
608 2110 669 2151 nox
686 2091 807 2170 quando
822 2095 899 2153 meis
914 2099 975 2153 tam
992 2089 1123 2151 candida
1137 2092 1285 2153 mensisl

467 2175 544 2234 Tam
558 2176 639 2234 iusto
654 2174 777 2235 dabitur
793 2175 914 2256 quando
931 2175 1033 2236 calere
1047 2175 1158 2235 mero?

424 2259 501 2320 Cum
513 2265 561 2337 te,
581 2256 712 2338 Flacco,
734 2261 810 2321 mihi
824 2259 938 2320 reddet
955 2260 1124 2341 Cythereia
1139 2259 1285 2341 Cypros,

452 2344 617 2409 ‚Luxuriae
631 2345 687 2404 iiet
701 2351 763 2404 tam
778 2347 858 2404 bona
873 2364 963 2404 causa
981 2363 1076 2410 meae.

808 2499 916 2561 XLVI.

424 2625 545 2702 Quanta
557 2633 611 2686 tua
624 2633 674 2687 est
688 2627 845 2707 probitas,
867 2634 953 2687 tauta
968 2635 1017 2688 est
1030 2626 1163 2687 infautia
1178 2626 1324 2711 formae,

466 2710 561 2770 Ceste
576 2728 672 2789 puer,
694 2730 792 2790 puero
809 2713 923 2772 castior
938 2710 1125 2793 Hippolyto!

424 2792 472 2853 Te
488 2811 593 2853 secum
609 2794 705 2853 Diana
721 2791 798 2855 velit
815 2794 987 2875 doceatque
1004 2803 1129 2872 natare,
1229 2861 1232 2868 ,

466 2876 514 2936 Te
532 2874 649 2955 Cybele
664 2883 763 2937 totum
780 2878 889 2941 mallet
904 2881 1020 2940 habere
1036 2879 1171 2957 Phryge.

400 2959 475 3022 5'l'u
492 2958 690 3040 Ganymedeo
705 2967 831 3041 poteras
846 2963 1015 3024 succedere
1029 2962 1130 3041 lecto,

466 3043 531 3104 Sed
545 3044 640 3105 durus
655 3042 778 3106 domino
792 3047 878 3106 basia
893 3045 959 3107 sola
974 3048 1073 3108 dares.

421 3126 527 3209 Felix,
549 3147 627 3208 quae
642 3134 784 3190 tenerum
799 3131 920 3190 vexabit
939 3151 1050 3211 sponsa
1065 3130 1209 3191 maritum

462 3212 505 3275 Et
519 3232 597 3294 quae
614 3219 647 3273 te
662 3214 757 3275 faciet
770 3217 870 3296 prima
884 3213 989 3294 puella
1003 3214 1115 3275 virum!

797 3370 917 3435 XLVII.

422 3481 498 3550 Pars
512 3482 703 3546 maxillarum
716 3491 804 3547 tonsa
819 3485 957 3563 esttibi,
979 3502 1051 3564 pars
1066 3481 1123 3544 tibi
1137 3501 1209 3543 rasa
1227 3491 1298 3568 est,

464 3566 540 3627 Pars
553 3566 638 3628 vulsa
653 3576 710 3630 est.
739 3569 841 3631 Unum
855 3570 923 3648 quis
938 3574 1026 3649 putat
1040 3585 1110 3628 esse
1125 3569 1243 3648 caput?
1273 3641 1277 3648 ,
