3434 4575
602 461 942 522 EPIGRAMMATDN
955 461 1030 527 LIB.
1048 462 1087 527 V.
1307 462 1369 532 lli

795 663 890 727 XVII.
1008 733 1012 737 ,

407 777 486 836 Dum
500 795 631 857 proavos
646 781 811 855 atavosque
824 777 927 836 refers
943 783 976 837 et
989 778 1112 836 nomina
1126 797 1249 858 magna,

451 862 529 921 Dum
545 860 602 920 tibi
619 866 726 919 noster
741 878 837 939 eques
855 859 981 921 sordida
995 861 1131 921 conditio
1149 868 1213 939 est,

407 947 485 1006 Dum
500 953 533 1005 te
548 962 640 1023 posse
656 962 751 1022 negas
764 946 825 1003 nisi
839 943 921 1024 lato,
944 944 1063 1024 Gellia,
1086 944 1171 1006 clavo

448 1031 590 1106 Nubere,
612 1029 760 1108 nupsisti,
783 1028 901 1107 Gellia,
923 1030 1072 1091 cistilero.

763 1175 766 1181 “
791 1163 898 1226 XVIII.

409 1282 498 1359 Quod
513 1284 572 1343 tibi
586 1282 751 1342 Decembri
766 1300 890 1360 mense,
912 1302 972 1362 quo
986 1281 1091 1344 volant
1106 1303 1236 1365 mappae

409 1366 613 1445 Gracilesque
625 1365 740 1445 ligulae
756 1367 903 1445 ce'reiqne
920 1368 1107 1447 chartaeque

405 1452 447 1512 Et
462 1457 549 1511 acuta
564 1452 689 1511 senibus
703 1457 784 1511 testa
799 1470 867 1510 cum
882 1451 1094 1531 Damascenis,

405 1536 537 1596 Praeter
549 1533 674 1596 libellos
687 1534 831 1595 vernulas
846 1535 927 1595 nihil
941 1536 1027 1614 misi,

383 1619 553 1681 bFortasse
569 1639 674 1679 avarus
688 1619 794 1679 videar
810 1625 862 1678 aut
875 1620 1066 1682 inhumanus.

406 1703 466 1763 Odi
481 1702 603 1764 dolosas
619 1722 780 1763 munerum
795 1709 828 1762 et
841 1703 935 1763 malas
951 1710 1043 1764 artes.

405 1788 565 1847 Imitantur
580 1790 685 1847 hamos
702 1785 791 1851 dona.
821 1786 959 1864 Namque
975 1789 1043 1866 quis
1058 1788 1174 1865 nescit,

406 1871 534 1932 Avidum
550 1878 656 1932 vorato
673 1869 775 1950 decipi
790 1890 910 1930 scarum
926 1871 1052 1931 musco?

408 1957 558 2031 Quotiens
574 1957 670 2016 amico
687 1954 775 2014 diviti
789 1954 869 2039 nihil
885 1953 996 2035 donat,

364 2041 429 2102 100
445 2040 627 2120 Quintiano,
648 2037 789 2100 liberalis
804 2046 852 2099 est
867 2058 994 2120 pauper.

797 2174 877 2236 XIX.

386 2361 389 2364 Ι
405 2285 438 2346 Si
456 2307 513 2365 qua
528 2286 605 2349 fides
619 2289 717 2368 veris,
739 2290 913 2369 praeferri,
934 2290 1062 2350 maxime
1078 2291 1209 2369 caesar,

448 2372 653 2451 Temporibus
670 2380 799 2452 possunt
814 2372 935 2433 saecula
950 2372 1035 2433 nulla
1048 2376 1118 2436 tuis.
1144 2439 1147 2444 ,

405 2454 533 2530 Quando
551 2458 645 2535 magis
661 2456 769 2535 dignos
788 2458 877 2518 licuit
892 2463 1034 2537 spectare
1052 2459 1249 2539 triumphos?

447 2540 574 2615 Quando
588 2539 720 2601 Palatini
733 2540 804 2621 plus
819 2560 963 2601 mernere
978 2540 1053 2601 del?

383 2623 571 2684 bPulchrior
585 2627 729 2685 et‘maior
744 2645 804 2703 quo
820 2627 876 2685 sub
892 2625 969 2685 duce
983 2626 1099 2686 Martia
1111 2626 1230 2686 Roma?

445 2708 508 2767 Sub
525 2726 584 2787 quo
599 2709 727 2769 libertas
742 2710 885 2789 priucipe
901 2715 986 2770 tanta
1000 2710 1083 2769 fnit?

403 2791 460 2850 Est
475 2798 576 2852 tamen
591 2794 651 2853 lroo
666 2794 790 2871 vitium,
807 2792 864 2853 sed
877 2813 938 2853 non
950 2792 1038 2871 leve,
1060 2796 1101 2855 sit
1113 2791 1189 2854 licet
1205 2813 1319 2873 unum,

445 2875 533 2951 Quod
548 2876 623 2938 colit
637 2878 772 2956 ingratas
785 2896 903 2956 pauper
919 2877 1076 2938 amicitias.

404 2960 478 3034 Quis
494 2958 627 3040 largitur
642 2980 717 3042 opes
731 2963 831 3021 veteri
845 2961 970 3041 fidoque
985 2961 1099 3041 sodali,

361 3053 395 3104 10
443 3045 506 3104 Aut
521 3064 612 3123 quem
626 3047 825 3125 prosequitur
839 3066 902 3106 non
917 3045 1034 3106 alienus
1052 3048 1170 3127 eques?

404 3127 625 3189 Saturnaliciae
639 3128 763 3207 lIgnlam
778 3131 899 3190 misisse
915 3130 1048 3192 selibrae

445 3211 664 3273 Flammarisve
679 3221 770 3293 togae
786 3212 921 3293 scripula
934 3221 1000 3275 tota
1017 3213 1125 3275 decem
1232 3274 1235 3284 ,

402 3296 537 3356 Luxuria
551 3303 616 3375 est,
638 3296 811 3376 tumidique
825 3305 937 3358 vocant
950 3300 1027 3358 haec
1042 3316 1170 3357 monera
1188 3315 1296 3375 reges:

447 3382 506 3456 Qui
521 3387 636 3461 crepet*
647 3381 805 3459 aureolos,
826 3382 958 3443 forsitan
971 3401 1048 3441 nnus
1064 3383 1134 3442 erit.

360 3464 559 3538 15Quatenns
573 3466 606 3523 lai
625 3485 686 3525 non
702 3472 790 3542 sunt,
812 3472 880 3525 esto
896 3473 944 3544 tn,
967 3467 1096 3544 Caesar,
1120 3465 1255 3525 amicus:

445 3546 535 3605 Nulla
550 3547 636 3609 ducis
650 3552 747 3608 virtus
763 3548 883 3610 dulcior
898 3568 966 3610 esse
982 3556 1096 3630 potest.

401 3631 463 3688 lam
479 3629 592 3691 dudum
606 3634 700 3692 tacito
717 3633 820 3712 rides,
843 3634 1044 3712 Germanice,
1066 3652 1158 3693 naso:

444 3714 530 3774 Utile
546 3715 627 3795 quod
643 3717 747 3796 nobis,
771 3717 809 3778 do
825 3720 882 3779 tibi
898 3717 1067 3781 consilium.
