3434 4575
449 446 486 508 18
889 460 1002 507 ennon

447 598 586 660 Producis
608 598 706 676 genio.
734 597 813 658 Solis
835 599 978 659 natalibus
999 609 1042 659 est
1069 604 1117 679 qui

447 682 552 760 'lingat
574 682 637 741 olus
661 683 767 741 siccum
789 684 879 743 muria
901 684 984 743 valer
1007 686 1034 741 in
1058 684 1150 745 calice
1173 695 1278 763 empta,
1396 703 1431 754 oo

447 765 516 845 lpse
542 784 654 826 sacrum
676 766 802 825 irrorans
825 769 940 845 patinae
962 769 1061 845 piper;
1085 769 1133 828 hic
1157 768 1233 829 bona
1259 771 1347 831 dente

448 849 572 913 Grandia
594 851 788 928 magnanimus
810 853 925 929 peragit
942 868 1023 928 puer.
1051 851 1121 912 Utar
1144 870 1218 930 ego,
1242 864 1315 931 utar,
1360 882 1362 887 ·

447 932 512 994 Neo
533 932 670 994 rhombos
693 933 760 995 ideo
786 933 898 994 libertis
918 952 1029 1013 ponere
1052 936 1156 1012 lautus,

447 1017 511 1078 Neo
533 1026 635 1077 tenues
658 1017 766 1078 sollers
785 1018 931 1079 turdarum
952 1037 1041 1079 nosse
1063 1022 1191 1097 salivas„

447 1101 546 1161 llesse
566 1111 649 1162 tenus
670 1102 788 1181 propria
809 1103 876 1161 vive
905 1111 933 1162 et
956 1105 1105 1181 granaria,
1129 1104 1174 1164 ias
1197 1114 1253 1181 est,
1397 1121 1431 1173 25

447 1185 567 1256 Emole;
590 1185 657 1264 quid
680 1181 805 1245 metuis?
828 1203 918 1264 occa,
940 1197 969 1247 et
991 1205 1080 1260 seges
1101 1188 1193 1248 altera
1210 1189 1238 1246 in
1259 1189 1352 1250 herba
1375 1203 1429 1253 est

448 1270 503 1330 Ast
529 1279 616 1330 vocat
638 1269 780 1329 cilicium:
803 1269 885 1330 trabe
905 1281 988 1348 rupta
1008 1272 1115 1332 Bruttia
1135 1291 1205 1332 saxa

447 1353 564 1414 Prcndit
584 1355 690 1413 amicus
712 1355 813 1431 inops,
835 1373 956 1432 remque
978 1371 1090 1415 omnem
1111 1355 1254 1433 surdaque
1276 1368 1344 1418 vota

449 1435 583 1498 Condidit
605 1436 702 1507 louio;
723 1439 799 1497 iacet
819 1440 885 1516 ipse
906 1441 934 1497 in
956 1439 1041 1498 litore
1063 1448 1092 1497 et
1114 1456 1168 1498 una
1298 1497 1303 1503 .

448 1519 585 1599 Ingentes
608 1520 644 1580 de
668 1538 766 1599 puppe
788 1521 854 1596 dei,
877 1523 990 1600 iamque
1012 1522 1097 1582 obvia
1118 1525 1226 1600 mergis
1397 1539 1433 1592 30

450 1603 539 1664 Costa
561 1605 631 1663 ratis
654 1603 786 1664 lacerae:
811 1616 937 1665 nuncet
960 1607 996 1667 de
1018 1609 1129 1684 cespite
1156 1609 1224 1666 vivo

447 1687 563 1766 Frange
583 1688 706 1766 aliquid,
730 1688 838 1767 largire
861 1690 957 1769 inopi,
983 1710 1020 1751 ne
1043 1693 1138 1769 pictus
1159 1691 1278 1752 oberret

450 1770 593 1833 Caerulea
614 1773 642 1831 in
659 1771 764 1833 tabula.
786 1808 827 1821 -
859 1775 920 1835 Sed
942 1792 1062 1836 coenam
1087 1776 1195 1836 luneris
1217 1776 1305 1837 heres

448 1855 604 1934 Negliget‚
628 1857 717 1917 iratus
739 1858 816 1934 quod
840 1876 901 1918 rem
924 1861 1098 1929 curtaveris;
1124 1878 1212 1920 urnae

450 1939 525 2001 Osse
549 1941 669 2001 inodora
691 1940 787 2017 dabit,
813 1961 865 2002 seu
887 1941 997 2021 spirent
1020 1947 1147 2003 cinnama
1168 1945 1294 2018 surdum,
1398 1959 1432 2011 35

451 2026 509 2085 Seu
532 2042 635 2085 ceraso
658 2034 783 2102 peccent
806 2027 912 2101 casiae,
936 2030 1051 2086 nescire
1075 2036 1201 2104 paratus.
1225 2062 1266 2073 -

448 2108 529 2169 llaec
549 2109 647 2168 cinere
666 2107 786 2167 ulterior
809 2106 941 2167 metuas?
962 2143 1004 2152 -
1034 2107 1071 2168 Et
1092 2109 1204 2168 Bestius
1226 2119 1311 2186 urget

444 2193 597 2253 Doctores
621 2191 741 2251 Graios:
774 2190 824 2252 lta
845 2191 895 2268 fit,
916 2198 1078 2269 postquam
1099 2209 1212 2268 sapere
1233 2194 1304 2253 urbi

451 2274 524 2338 Cum
544 2277 652 2355 pipere
673 2282 702 2335 ct
718 2276 942 2353 palummum,
965 2282 1099 2337 nostrum
1114 2275 1170 2336 doc
1185 2278 1280 2336 moris
1296 2295 1428 2354 capers,·

448 2358 635 2421 faenisecae
658 2378 766 2420 crasso
785 2360 932 2420 vitiarunt
952 2361 1084 2437 unqnime
1104 2360 1214 2438 pultes.
1395 2371 1430 2424 40

450 2442 530 2503 Tune
552 2443 628 2503 bona
648 2442 800 2502 incolumis
824 2440 1010 2502 minuasl-
1031 2443 1070 2502 m
1092 2453 1137 2518 tu,
1164 2461 1246 2503 meus
1269 2444 1356 2503 lueres

450 2526 586 2605 Quisquis
609 2527 683 2601 eris,
706 2526 822 2604 paulum
842 2544 858 2585 a
881 2526 963 2586 turba
984 2527 1132 2588 seductior
1156 2527 1235 2587 audi:

450 2609 474 2670 0
498 2611 593 2686 boue,
615 2628 679 2669 num
700 2608 839 2688 ignoras?
862 2611 949 2671 missa
974 2620 1057 2672 esta
1083 2609 1211 2673 (laesare
1234 2612 1332 2672 laurus

449 2694 594 2771 insignem
619 2694 656 2753 ob
677 2694 790 2755 cladem
812 2694 971 2756 Germanae
995 2696 1096 2775 pubis,
1119 2706 1148 2756 et
1169 2697 1227 2757 aris

449 2776 583 2854 Frigidus
608 2780 750 2838 excutitur
770 2780 859 2856 cinis,
884 2798 918 2840 ac
938 2784 993 2841 iam
1015 2782 1147 2859 postibus
1168 2799 1255 2857 arma,
1397 2790 1430 2843 45

449 2856 508 2921 lam
531 2860 698 2937 chlamydes
718 2882 835 2940 regum,
856 2865 911 2924 iam
933 2864 1010 2924 lutea
1032 2883 1161 2942 gausapa
1187 2868 1279 2942 captis

449 2943 622 3023 Essedaque
644 2946 835 3025 ingentesque
857 2948 935 3008 locat
958 2946 1101 3008 Caesonia
1126 2948 1254 3007 Rhenus,

451 3028 504 3087 Dis
525 3029 610 3106 igitur
630 3030 775 3107 genioque
796 3030 878 3090 ducis
901 3041 1015 3091 centum
1034 3033 1114 3108 paria
1132 3031 1170 3090 ob
1188 3049 1236 3089 res

450 3111 580 3189 Egregie
600 3120 700 3189 gestas
722 3114 841 3182 induco;
869 3116 932 3193 quis
950 3112 1050 3174 vetat?
1073 3115 1157 3174 aude.

450 3195 530 3272 Vae,
552 3197 607 3255 uisi
630 3196 782 3256 connives!
807 3198 903 3257 oleum
924 3207 1132 3277 artocreasque
1156 3198 1277 3275 popello
1396 3212 1431 3262 50

449 3278 584 3356 Largium
608 3297 644 3339 an
664 3278 825 3358 prohibes?
846 3281 893 3341 dic
913 3282 1007 3342 clare!
1032 3280 1098 3344 Non
1117 3283 1213 3357 odeo,
1237 3284 1345 3360 inquis,

451 3361 622 3426 Exossatus
642 3365 824 3443 merismu
843 3373 901 3429 eat.
932 3366 1015 3443 Age,
1040 3367 1064 3424 si
1086 3366 1154 3425 milri
1175 3366 1252 3426 nulla

451 3444 511 3506 lam
532 3448 644 3527 reliqua
668 3466 705 3509 ex
731 3450 838 3526 amitis,
863 3451 1002 3528 patruelis
1023 3450 1118 3527 nulla,
1139 3452 1289 3529 proneptis

451 3528 538 3591 Nulla
561 3540 657 3592 manet
682 3534 792 3612 patrui,
817 3534 925 3593 sterilis
950 3542 1104 3593 matertera
1128 3535 1209 3610 vixit,

452 3610 556 3697 Deque
579 3618 643 3676 avia
669 3617 785 3677 nihilum
806 3627 957 3696 superest,
982 3618 1092 3678 accedo
1117 3618 1243 3678 Bovillas
1397 3630 1430 3681 55

369 3773 371 3778 Ι
454 3693 621 3777 clivumque
647 3700 682 3760 ad
703 3700 802 3775 Virhi,
825 3711 943 3779 praesto
967 3711 1011 3762 est
1032 3702 1098 3762 milri
1120 3701 1229 3762 llanius
1252 3703 1348 3762 heres.
1366 3737 1406 3745 -
