3434 4575
533 465 877 528 EPIGRAMMATON
890 464 964 528 LIB.
980 464 1061 529 XIV.

558 669 723 733 CXXXIV.
745 667 861 731 Fascia
870 671 1051 751 pectoralia.

363 771 473 832 Fascia
489 776 668 831 crescentes
685 768 827 828 dominae
843 787 1007 848 compesce
1021 770 1169 851 paplllaa,

404 857 447 917 Ut
462 857 504 915 sit
521 854 604 935 quad
619 854 720 933 capiat
734 858 841 912 nostru
855 859 1002 932 tegatque
1016 874 1130 915 manua.

625 987 777 1051 CXXXV.
800 985 979 1048 Cenatoria.

362 1091 427 1150 Nec
442 1090 510 1151 lara
526 1090 599 1149 sunt
612 1090 718 1166 nobis,
739 1105 800 1148 nec
815 1093 889 1147 aunt
902 1087 1076 1151 vadimonia
1089 1095 1177 1150 nata:

405 1175 473 1235 Ilac
487 1193 564 1254 opus
579 1179 644 1251 est,
663 1174 756 1253 pictis
770 1173 950 1232 accubuisse
965 1174 1051 1232 tarIs.

645 1306 809 1369 CXXXVI.
833 1305 954 1368 Laena.

364 1408 521 1490 Tempore
535 1404 668 1467 brumali
682 1425 744 1465 nun
760 1405 888 1466 multum
902 1404 984 1467 levia
996 1415 1144 1488 prosunt:

405 1493 580 1556 Calfaciunt
593 1490 660 1551 villi
672 1488 768 1571 pallia
781 1497 885 1551 vestra
898 1493 968 1551 mci.

558 1625 736 1688 CXXXVII.
758 1626 920 1688 Lacernae
935 1626 1036 1687 aldae.
1061 1590 1065 1597 -

362 1724 622 1805 Amphitheatrali
636 1743 694 1783 naa
709 1723 956 1783 commendamus
971 1726 1008 1784 ab
1023 1743 1097 1801 usu,

407 1809 483 1871 Cum
497 1814 585 1888 teget
599 1806 739 1886 algentes
754 1806 822 1867 alba
835 1804 962 1866 lacerna
976 1813 1074 1885 togas.

616 1940 808 2003 CXXXVIII.
834 1940 984 2002 Mantele.

362 2039 505 2102 NahiIius
520 2039 628 2100 villosa
643 2044 751 2118 tegant
766 2039 824 2098 tibi
837 2037 936 2098 lintea
951 2039 1079 2099 citrum:

405 2125 541 2186 Orbibus
556 2126 588 2183 in
604 2124 721 2184 nostris
736 2121 871 2184 circulus
887 2141 957 2183 esse
971 2129 1086 2204 potest.

553 2257 715 2320 CXXXIX.
742 2256 872 2321 Cuculli
883 2258 1049 2321 Liburnici.

361 2358 492 2436 Iungere
505 2360 634 2419 nescisti
647 2360 754 2437 nobis,
777 2380 794 2419 c
808 2358 921 2438 stulte,
943 2357 1101 2421 lacernas:

405 2439 552 2500 Indueras
566 2439 667 2519 albas,
689 2460 766 2501 exue
783 2444 935 2504 calldinas.
1026 2467 1034 2479 ·

616 2571 706 2633 CXL.
735 2571 857 2636 Udones
874 2575 981 2638 Cilicii.

364 2673 434 2735 Nun
447 2673 506 2733 has
518 2670 590 2732 lana
606 2670 713 2750 dedit,
734 2670 790 2731 sed
807 2670 923 2733 olentis
936 2677 1033 2736 barba
1050 2679 1170 2738 mariti:

407 2757 561 2838 Cinyphia
576 2761 701 2837 poterat
714 2755 819 2837 planta
833 2755 936 2818 latere
952 2761 1030 2820 alna.

651 2890 752 2952 CXLI.
774 2890 948 2972 Synthesis.

362 2991 442 3054 Ilum
457 2999 528 3072 tuga
540 3010 600 3073 per
615 2994 723 3071 qulnas
736 2991 851 3071 gaudet
865 2995 1066 3072 requiescere
1080 2994 1184 3075 luces,

405 3079 471 3138 Hos
484 3077 604 3160 poteris
618 3077 717 3137 cultus
732 3094 855 3137 sumere
870 3077 940 3138 iure
953 3086 1016 3140 tua.

663 3211 782 3274 CXLII.
805 3211 933 3274 Focale.

362 3312 395 3373 Si
411 3314 597 3375 recitaturus
612 3311 731 3374 dedero
748 3314 805 3373 tibi
820 3314 905 3373 farte
919 3309 1075 3389 libellum,

404 3398 472 3457 Hoc
486 3396 586 3458 focale
600 3404 668 3459 tuas
683 3405 802 3459 asserat
817 3396 977 3457 auriculas.

556 3530 686 3593 CXLIII.
713 3533 851 3595 IlanIcue
865 3531 1048 3593 Patauinae.

362 3628 494 3695 Vellera
508 3639 690 3693 consumunt
705 3633 870 3696 Patavinae
885 3631 981 3693 multa
995 3629 1132 3710 triIicea‚

404 3717 446 3778 Et
458 3717 589 3798 plaguea
604 3718 722 3778 tunicas
737 3736 824 3780 serra
841 3736 949 3780 secare
961 3721 1075 3799 potest.

1260 462 1323 527 335
