3434 4575
403 462 466 526 206
724 462 769 522 M.
787 462 879 524 VAL.
897 461 1124 525 MARTIALIS

869 615 976 676 XXXI.

488 716 565 776 cum
581 732 682 774 comes
697 715 821 774 Arctois
836 714 983 775 haereret
998 717 1139 776 Caesaris
1154 719 1251 779 armis

528 798 655 877 Velius,
676 800 755 858 hanc
769 800 866 859 Marti
879 819 936 880 pro
950 798 1028 860 duce
1042 801 1125 860 vovit
1142 820 1238 862 avem.

488 885 574 944 Luna
590 890 700 964 quater
714 885 803 943 biuos
818 903 881 942 non
895 889 961 943 tota
975 892 1144 965 peregerat
1159 889 1276 967 orbes,

530 969 642 1029 Debita
655 970 804 1048 poscebat
817 969 878 1027 iam
895 968 955 1028 sibi
969 975 1040 1028 vota
1057 968 1142 1029 deus.

466 1055 558 1135 blpse
573 1072 642 1113 suas
660 1071 751 1112 anser
769 1052 949 1133 properavit
962 1050 1062 1113 laetus
1077 1051 1116 1112 ad
1129 1074 1198 1114 aras

528 1139 570 1200 Et
585 1135 699 1197 cecidIt
713 1138 826 1197 sanctis
841 1136 943 1195 hostia
956 1157 1049 1216 parva
1062 1136 1149 1198 focis.

489 1224 567 1282 Octo
582 1221 670 1281 vides
685 1217 791 1300 patulo
807 1219 947 1299 pendere
961 1221 1142 1281 nomismata
1155 1229 1263 1283 rostro

530 1305 645 1366 Alitis?
666 1305 742 1365 haec
760 1306 839 1364 extis
857 1303 982 1364 condita
996 1324 1096 1385 nuper
1110 1311 1210 1368 arant.
1290 1308 1300 1325 ‘

489 1392 573 1468 Quae
589 1388 661 1451 litat
675 1395 802 1468 argento
814 1408 873 1467 pro
886 1394 936 1467 te,
955 1408 1018 1449 non
1034 1391 1198 1469 sanguine,
1219 1391 1363 1473 Caesar,

448 1487 480 1538 lo
528 1475 679 1551 Victima,
700 1475 759 1533 iam
773 1473 860 1532 ferro
875 1492 936 1532 non
953 1493 1029 1554 opus
1045 1493 1114 1534 esse
1130 1473 1232 1534 docet.

820 1636 823 1641 ,
867 1586 988 1646 XXXII.

488 1687 576 1746 Hanc
591 1682 678 1760 volo,
700 1703 778 1764 quae
794 1684 912 1765 facilis,
936 1704 1013 1763 quae
1028 1683 1190 1765 palliolata
1205 1697 1362 1768 vagatur,

530 1771 619 1829 Hanc
632 1768 721 1848 volo,
744 1788 823 1848 quae
836 1789 934 1849 puero
949 1770 1009 1830 iam
1027 1768 1115 1830 dedit
1128 1776 1199 1830 ante
1215 1790 1308 1848 meo;

490 1853 577 1914 Hanc
591 1852 678 1931 volo,
702 1874 791 1933 quam
805 1852 932 1914 redimit
946 1860 1042 1913 totam
1058 1852 1202 1915 denarius
1213 1853 1323 1935 alter,

530 1940 618 1998 Ilanc
632 1937 718 2016 volo,
741 1956 819 2017 quae
832 1939 951 2019 pariter
965 1938 1081 1998 sufficit
1096 1958 1157 1997 una
1170 1940 1283 2002 tribus.

470 2023 676 2085 5Poscentcm
691 2041 829 2082 nummos
846 2030 880 2081 et
894 2020 1021 2100 grandia
1036 2023 1130 2081 verba
1145 2031 1314 2085 sonantem

531 2106 694 2167 Possideat
708 2124 829 2166 crassae
843 2103 981 2165 mentula
995 2104 1191 2185 Burdigalae.

859 2217 997 2281 XXXIII.

489 2314 634 2375 Audieris
648 2316 680 2374 in
697 2334 773 2395 quo,
794 2313 927 2392 Flacce,
950 2314 1060 2375 balneo
1074 2313 1233 2395 plausum,

489 2400 642 2460 Matronis
654 2397 722 2459 illic
738 2417 807 2459 esse
822 2397 991 2459 mentulam
1005 2400 1093 2459 scito.

855 2534 993 2596 XXXIV.

487 2633 626 2713 Iuppiter
640 2632 724 2692 Idaei
738 2633 809 2693 licit
822 2633 982 2695 mendacia
996 2632 1092 2707 buch,

408 2780 414 2790 ,
528 2716 608 2776 Dum
620 2715 707 2777 videt
719 2717 850 2796 Augusti
864 2717 970 2779 Flavia
984 2713 1101 2795 templa
1114 2712 1196 2793 poli,

488 2803 593 2880 Atque
607 2803 691 2861 iuter
705 2820 826 2862 mensas
840 2800 929 2882 largo
943 2803 1003 2862 iam
1018 2806 1145 2860 nectare
1160 2798 1267 2875 fusus,

531 2883 646 2945 Pocula
662 2906 730 2945 oum
745 2886 842 2947 Marti
856 2886 998 2947 traderet
1011 2886 1080 2966 ipse
1095 2902 1167 2960 suo,

466 2968 672 3049 5Respic1ens
686 2970 846 3030 Phoebum
859 2972 979 3051 pariter
994 2967 1176 3045 Phoebique
1191 2984 1359 3047 sororem,

531 3054 608 3114 (lum
624 3055 734 3133 quibus
747 3053 875 3116 Alcides
890 3062 924 3116 et
936 3057 1005 3135 pius
1019 3054 1116 3113 Arcas
1132 3056 1214 3110 crat:

488 3138 628 3216 „Gnosia
641 3139 717 3197 vosi‘
730 3139 833 3217 inquit
846 3141 959 3217 „nobis
973 3138 1160 3197 monimenta
1175 3132 1327 3193 dedistis:
1342 3159 1347 3164 ·

531 3223 677 3301 Gemite,
697 3242 786 3302 quam
799 3222 871 3304 plus
887 3226 944 3301 sit,
967 3221 1108 3282 Caesaris
1124 3235 1194 3278 csse
1209 3220 1374 3298 patrem.“

866 3357 990 3417 XXXV.

489 3456 617 3516 Artibus
630 3457 679 3515 his
694 3435 819 3536 semper
834 3474 959 3531 cenam,
980 3451 1176 3529 Philomuse‚
1198 3450 1357 3529 mereris,

529 3538 668 3600 PlurIma
685 3539 757 3600 dum
770 3541 878 3617 flugisr,
895 3536 952 3598 sed
967 3539 1140 3616 quasivero
1154 3534 1267 3594 refers.

490 3623 575 3702 Scis,
598 3623 673 3703 quid
686 3626 718 3686 in
731 3625 858 3685 Arsacia
873 3623 1009 3681 Pacorus
1023 3620 1181 3682 deliberet
1195 3616 1284 3695 aula,

530 3709 742 3790 Rhenigeuam
755 3725 898 3769 numeras
914 3705 1174 3785 Sarmaticamque
1188 3722 1335 3780 mauum3
