3434 4575
574 462 913 527 EPIGRAMMATON
926 463 1001 526 LlB.
1017 463 1082 527 Vll.
1289 463 1349 528 157

774 666 883 731 XXIX.

393 787 565 869 Thestyle,
589 787 724 852 Victoris
739 792 926 846 tormentum
941 784 1033 846 dulce
1048 786 1186 866 Voconi,

436 874 503 950 Quo
518 892 609 933 nemo
626 877 675 931 cst
691 877 756 931 tota
770 871 874 930 notior
888 872 966 930 urbe
980 888 1075 950 puer,

392 957 445 1018 Sic
460 959 553 1017 etiam
566 957 677 1038 positis
692 955 845 1015 formosus
859 972 963 1015 amere
980 953 1101 1035 capillis
1211 1008 1214 1013 .

433 1042 476 1101 nt
490 1039 612 1121 placeat
627 1041 688 1099 vati
703 1027 790 1098 nulla
804 1036 910 1118 puella
925 1044 996 1112 tuo;

368 1123 557 1205 5Paulispcr
572 1124 687 1183 domini
702 1122 810 1183 doctos
823 1141 939 1202 repone
955 1118 1097 1198 libellos,

436 1210 579 1270 Carmina
593 1207 714 1271 Victori
728 1206 799 1266 dum
812 1205 883 1284 lego
899 1226 991 1286 parva
1005 1212 1068 1266 tuo.

391 1294 435 1354 ut
448 1292 627 1354 Maecenati
641 1290 732 1351 Maro
748 1310 815 1349 cum
831 1295 972 1350 cantaret
985 1288 1115 1367 Alexin,

433 1377 514 1436 Nota
527 1382 631 1436 tamen
643 1374 742 1435 Marri
756 1374 842 1434 fusca
856 1372 1010 1435 Melaenis
1024 1379 1100 1434 erat.

782 1507 877 1568 XXX.

391 1620 452 1679 llas
466 1619 607 1697 Parthis,
630 1618 683 1678 das
698 1621 878 1697 Germania,
900 1618 970 1696 das,
993 1616 1114 1696 (laclia,
1135 1617 1243 1696 Dacis,

433 1703 498 1763 Nec
513 1701 644 1764 Cilicum
659 1705 781 1783 spernis
796 1701 1072 1782 Cappadocumque
1087 1708 1190 1776 toros3

389 1789 432 1848 Et
447 1787 505 1848 tibi
520 1786 559 1845 de
574 1787 687 1846 Pharia
700 1787 921 1866 Memphiticus
934 1787 1013 1845 urbe
1027 1785 1147 1844 fututor

434 1870 579 1949 Navigat,
602 1891 620 1929 a
633 1871 737 1930 rubris
754 1876 787 1930 et
800 1871 890 1949 niger
904 1868 997 1929 ludus
1011 1869 1115 1947 aquis;

370 1954 462 2020 §Nec
473 1955 676 2014 recutitorum
691 1953 773 2032 fugis
786 1954 912 2032 inguina
926 1951 1125 2031 ludaeorum,

433 2038 546 2098 Necte
561 2037 731 2099 Sarmatico
746 2038 859 2097 transit
873 2035 990 2097 Alanus
1005 2055 1095 2115 equo.

390 2123 458 2198 Qua
474 2123 595 2182 ratione
610 2122 703 2200 facis,
726 2141 794 2182 cum
809 2123 851 2180 sis
865 2121 1001 2180 Romana
1014 2118 1135 2200 puella,

434 2203 522 2281 Quod
536 2205 672 2266 Romana
686 2207 744 2266 tibi
756 2203 895 2267 mentula
910 2203 997 2264 nulla
1010 2202 1136 2285 placet?

773 2340 881 2402 XXXl.

391 2450 514 2509 Raucae
528 2451 647 2511 chortis
663 2469 733 2512 aves
748 2458 781 2511 et
795 2471 850 2511 ova
865 2457 995 2511 matrum

389 2534 431 2593 Et
445 2534 537 2592 flavas
550 2534 653 2594 medio
668 2553 782 2614 vapore
799 2535 908 2611 Chias,

389 2618 433 2677 Et
446 2616 543 2677 fetum
559 2617 709 2696 querulae
724 2617 832 2677 rudem
848 2615 1003 2697 capellae,

390 2700 456 2760 Nec
472 2702 533 2760 iam
548 2699 716 2779 frigoribus
731 2720 823 2781 parea
839 2699 950 2778 olivas,

368 2784 434 2845 sut
449 2804 556 2844 canum
570 2783 683 2863 gelidis
698 2782 766 2844 olus
780 2785 901 2865 pruinis

390 2868 438 2926 De
452 2874 559 2928 nostro
575 2870 633 2929 tihi
647 2871 739 2929 missa
753 2887 826 2928 rure
842 2866 967 2929 credis?

391 2950 539 3030 Oquam',
556 2951 692 3033 Regule,
715 2951 884 3031 diligenter
899 2953 1001 3013 erras!

389 3033 442 3094 Nil
458 3038 572 3115 nostri,
593 3038 653 3097 nisi
669 3055 735 3115 mc,
757 3038 864 3097 ferunt
878 3035 981 3116 agelli.

391 3118 549 3197 Quidquid
564 3120 673 3181 vilicus
690 3122 808 3181 Umber
823 3128 876 3183 aut
892 3121 1041 3198 Galenus,

347 3202 452 3265 ronna
465 3204 560 3263 Tusci
575 3206 632 3265 tibi
647 3205 813 3267 Tusculive
827 3207 969 3282 mittunt,

388 3287 452 3345 Aut
467 3307 519 3346 rus
534 3307 688 3347 marmore
702 3291 797 3350 tertio
811 3295 967 3364 notatum,

388 3368 423 3430 ld
438 3375 504 3429 tota
523 3371 597 3429 milri
611 3373 746 3432 nascitur
761 3373 889 3433 Subura.

764 3504 886 3565 XXXll.

387 3617 509 3695 Attice,
526 3617 676 3679 facundae
691 3637 820 3681 renovas
835 3622 888 3700 qul
902 3621 1025 3682 uomina
1038 3622 1140 3701 gentis

430 3701 496 3762 Nec
510 3702 586 3764 sinis
599 3704 757 3782 ingentem
771 3706 957 3768 conticuisse
972 3705 1111 3785 domum,
