3434 4575
454 469 491 530 to
877 483 990 530 rursu

451 619 610 682 Contentus
633 639 775 701 perages,
801 623 825 680 si
846 622 947 680 vivere
971 641 1035 681 cum
1057 622 1129 682 love
1152 624 1259 684 tendis!
1273 659 1315 673 «-

449 704 508 766 lam
530 706 628 783 pueris
651 704 758 783 pellem
781 708 945 764 succinctus
969 714 998 764 et
1022 705 1221 784 oenophorum
1244 718 1341 787 aptas:
1382 721 1432 777 tto

450 788 539 848 Ocius
560 789 596 848 ad
618 789 734 849 navem!
761 788 830 849 nihil
854 789 966 864 obstat,
990 791 1056 867 quin
1078 791 1160 849 trabe
1184 801 1265 852 vasta

450 873 602 950 Aegaeum
623 875 738 951 rapias,
761 875 815 931 nisi
836 873 942 932 sollers
962 870 1085 933 Luxuria
1111 885 1176 934 ante

451 958 608 1017 Seductnm
632 966 760 1017 moneat:
789 955 853 1030 Quo
880 955 999 1031 deinde,
1023 959 1138 1033 insane,
1163 958 1242 1018 ruis?
1264 959 1347 1038 quo?

452 1039 527 1114 Quid
549 1041 601 1101 trbi
622 1038 686 1101 vis?
709 1039 803 1100 calido
824 1040 878 1099 sub
900 1049 1023 1117 pectore
1043 1042 1171 1102 mascula
1192 1042 1259 1103 bilis

449 1124 599 1202 Intumuit,
622 1144 707 1205 quam
728 1141 785 1182 non
808 1124 978 1183 exstinxerit
1001 1143 1070 1185 urna
1093 1124 1226 1185 cicutae?
1383 1140 1431 1192 145

449 1200 519 1269 'lun’
541 1228 620 1269 mare
642 1203 803 1268 transilias?
827 1208 877 1266 tibi
899 1216 973 1266 torta
997 1208 1125 1268 cannabe
1147 1209 1218 1268 lnlto

450 1293 550 1354 Goena
572 1295 610 1352 sit
630 1294 659 1351 in
683 1299 823 1367 transtro,
847 1290 1095 1371 Veientanumque
1117 1292 1259 1353 rubellum

449 1376 574 1438 Exhalet
595 1375 700 1453 vapida
720 1374 832 1434 laesum
855 1376 921 1454 pice
943 1376 1056 1436 sessilis
1079 1373 1175 1435 obba?

450 1459 526 1534 Quid
549 1458 646 1539 petis?
669 1468 699 1518 nt
720 1474 868 1533 nummos,
893 1475 966 1537 qnos
988 1459 1034 1517 bic
1058 1461 1218 1537 quincunce
1241 1462 1374 1521 modesto

449 1544 617 1619 Nutrieras,
640 1553 781 1621 peragant
803 1544 888 1603 avido
911 1543 1018 1603 sudore
1042 1542 1190 1603 deuncos?
1379 1557 1431 1609 150

449 1626 571 1704 indulge
592 1629 697 1705 genio,
724 1644 876 1705 carpamns
899 1626 1006 1686 dulcia!
1031 1636 1159 1686 nostram
1182 1638 1226 1688 est

451 1710 536 1785 Quod
556 1712 646 1779 vivis;
671 1712 741 1770 cinis
764 1721 793 1770 et
815 1729 914 1771 manes
936 1720 966 1770 et
987 1711 1084 1771 fabula
1107 1712 1169 1771 lies.

449 1795 524 1855 Vive
544 1812 654 1857 memor
670 1795 737 1855 leti!
755 1796 827 1872 lugit
845 1796 931 1862 hora;
950 1796 1007 1855 boo
1028 1795 1105 1874 quod
1126 1798 1230 1875 loquor
1248 1797 1314 1856 inde
1328 1807 1432 1856 est.—

449 1879 494 1940 En
515 1880 583 1958 quid
606 1877 690 1958 agis?
715 1880 822 1958 duplici
845 1882 873 1939 in
893 1880 1037 1939 diversum
1060 1881 1201 1940 scinderis
1225 1882 1318 1941 hamo.

450 1964 613 2041 llunccine,
637 1983 673 2024 an
695 1963 770 2024 hunc
792 1961 946 2041 sequeris?
970 1964 1076 2022 subeas
1098 1964 1226 2025 alternus
1250 1975 1364 2042 oportet
1384 1978 1432 2027 155

450 2048 578 2126 Ancipiti
602 2048 744 2126 obsequio
769 2048 916 2122 dominos,
939 2048 1066 2106 alternus
1089 2047 1220 2107 oberres.

451 2131 515 2191 Neo
535 2141 580 2207 tn,
610 2150 694 2210 quum
720 2131 869 2191 obstiteris
892 2131 984 2189 semel
1006 2131 1179 2207 instantique
1202 2133 1317 2209 negaris

451 2216 558 2275 Parere
580 2216 720 2293 imperio,
747 2217 820 2293 rupi
839 2216 901 2275 inm
921 2215 1060 2286 vincula,
1085 2212 1178 2280 dicas;

450 2299 523 2362 Nam
546 2309 574 2359 et
597 2299 704 2359 luctata
728 2300 807 2357 canis
828 2299 933 2358 nodum
954 2297 1073 2375 abripit;
1096 2307 1141 2357 ast
1163 2309 1256 2359 tamen
1279 2300 1336 2374 illi,

452 2382 544 2456 Quum
568 2383 656 2460 fugit,
680 2402 696 2441 a
723 2382 801 2442 collo
822 2383 941 2441 trahitur
962 2399 1029 2458 pars
1052 2381 1140 2459 longa
1163 2393 1292 2445 catenae.
1308 2420 1349 2429 —
1382 2397 1433 2450 160

451 2467 551 2539 Dare,
578 2468 653 2542 cito,
677 2466 733 2526 hoc
755 2466 858 2526 credas
879 2465 982 2541 iubeo,
1008 2466 1088 2525 linire
1112 2467 1230 2528 dolores

452 2551 627 2610 Praeteritos
650 2551 827 2610 meditor—
850 2550 967 2610 crudum
990 2548 1211 2612 Chaerestratus
1233 2572 1356 2631 unguem
1448 2623 1452 2630 ,

453 2633 606 2693 Adrodens
627 2636 667 2693 ait
688 2635 814 2694 haec—
835 2653 871 2694 an
894 2635 980 2693 siccis
1004 2635 1130 2695 dedecus
1153 2637 1266 2697 obstem

453 2715 614 2794 Cognatis?
637 2738 673 2777 an
694 2738 755 2778 rem
777 2721 898 2796 patriam
922 2736 1036 2778 rumore
1061 2722 1176 2780 sinistro

451 2799 549 2860 himen
572 2803 608 2860 ad
629 2802 787 2862 obscenum
809 2803 955 2880 frangam,
979 2804 1044 2863 dum
1067 2801 1215 2878 Chrysidis
1238 2805 1309 2863 udas
1382 2818 1432 2871 165

353 2946 356 2949 ,
451 2883 556 2944 Ebrius
578 2894 644 2945 ante
665 2886 746 2946 fores
769 2889 913 2946 exstincta
937 2906 1000 2945 cum
1022 2887 1086 2946 lace
1110 2886 1268 2947 canto?—

452 2968 551 3046 Enge,
574 2987 664 3046 puer,
688 2972 801 3048 sapias,
826 2972 870 3030 dis
893 2970 1105 3047 depellentibus
1128 2989 1228 3047 agnam

452 3052 642 3112 Percute-
662 3053 721 3112 Sed
744 3055 862 3113 censen'
886 3053 1026 3132 plorabit,
1050 3052 1147 3127 Dave,
1171 3051 1294 3112 relicta?
1310 3087 1351 3098 —-

451 3134 591 3214 Nugaris;
621 3137 719 3211 solea,
745 3155 834 3214 puer,
859 3137 1052 3213 obiurgabere
1077 3136 1171 3196 rubra.

452 3218 497 3279 Ne
520 3221 666 3298 trepidare
688 3221 763 3279 velis
782 3230 869 3298 atque
893 3231 972 3280 artos
992 3220 1098 3279 rodere
1123 3221 1235 3279 casses!
1380 3232 1432 3287 lto

452 3302 535 3364 Nunc
554 3304 634 3363 ierus
656 3315 685 3364 et
701 3304 829 3369 violens;
853 3314 882 3363 at
902 3307 925 3362 si
948 3313 1052 3376 vocet,
1074 3304 1157 3364 haud
1176 3324 1271 3378 moro,
1292 3304 1433 3364 dicas.-

453 3387 593 3460 Quidnam
616 3390 702 3466 igitnr
723 3384 848 3448 faciam?
870 3406 925 3447 nec
943 3407 1032 3462 nnnc,
1052 3406 1135 3465 quum
1154 3406 1290 3447 accersar
1309 3398 1338 3447 et
1355 3389 1431 3450 ulmo

454 3471 621 3549 Supplicet,
645 3469 804 3533 accedam?
821 3505 862 3518 -
883 3474 913 3531 Si
938 3482 1014 3531 totus
1038 3481 1066 3529 et
1088 3474 1202 3549 integer
1224 3472 1303 3531 illinc

453 3553 587 3631 Exieras,
609 3575 665 3616 nec
684 3576 768 3616 nunc.
783 3591 824 3602 -
845 3555 913 3629 llic,
934 3555 990 3630 hic,
1012 3575 1096 3635 quern
1116 3557 1289 3633 quaerimus,
1308 3555 1355 3615 hic
1375 3567 1430 3633 est,

453 3636 519 3697 Non
543 3640 570 3697 in
595 3640 722 3715 festuca,
743 3641 831 3700 lictor
854 3657 937 3716 quam
962 3642 1049 3700 iactat
1076 3642 1199 3717 ineptus.
1380 3649 1432 3706 175

453 3719 502 3782 Ius
524 3722 612 3783 habet
634 3724 683 3783 ille
706 3726 750 3783 sui
770 3723 876 3803 palpo,
902 3743 984 3803 quem
1005 3724 1081 3784 ducit
1103 3724 1225 3784 hiantem
