3434 4575
541 473 883 538 EPIGRAMMATON
896 476 970 537 LlB.
988 477 1025 540 ll.

698 675 863 740 LXXXIX.

345 790 435 869 Quod
448 790 543 849 nimio
561 787 676 868 gaudes
690 794 814 850 noctem
829 789 1006 870 producere
1021 792 1109 871 vino,

277 879 281 885 '
386 876 533 954 ignosco:
554 874 677 952 vitium,
699 875 820 951 Gaure,
843 874 970 935 Catonis
985 876 1089 936 habes.

343 960 487 1020 Carmina
503 957 586 1037 quod
601 959 711 1033 scribis
727 959 826 1018 Musis
842 965 876 1018 et
888 957 1037 1038 Apolline
1050 958 1154 1037 nullo,

386 1041 521 1102 Laudari
537 1041 650 1100 debes:
672 1042 732 1101 hoc
748 1043 910 1102 Ciceronis
923 1044 1028 1103 habes.

323 1125 439 1205 5Quod
451 1127 565 1202 vomis,
586 1127 719 1184 Antoni:
743 1125 825 1204 quod
841 1124 1024 1205 luxurieris,
1048 1129 1156 1208 Apici:

386 1209 477 1287 Quod
491 1208 598 1286 fellas,
620 1211 728 1269 vitium
742 1208 792 1269 dic
804 1210 880 1269 mihi
896 1210 981 1269 cuius
996 1211 1116 1271 habes?

750 1373 815 1434 XC.

345 1486 552 1565 Quintiliane,
573 1504 667 1564 vagae
682 1485 861 1547 moderator
875 1507 992 1548 summe
1006 1489 1166 1563 iuventae,

386 1569 495 1631 Gloria
511 1572 683 1648 Romanae,
705 1569 913 1650 Quintiliane,
935 1579 1042 1651 togae,

342 1657 458 1718 Vivere
475 1654 559 1734 quod
573 1673 710 1734 propero
724 1674 843 1734 pauper
857 1675 916 1716 nec
929 1654 1051 1716 inutilis
1067 1655 1170 1732 annis,

386 1738 581 1798 Duroniam:
602 1745 752 1818 properat
766 1741 872 1798 vivere
885 1756 976 1799 nemo
993 1740 1076 1800 satis.

321 1823 478 1886 5Differat
491 1824 551 1881 hoc
566 1823 684 1902 patrios
699 1828 786 1901 optat
801 1824 854 1901 qui
868 1824 993 1896 vincere
1009 1841 1119 1882 census

386 1907 538 1985 Atriaque
553 1904 726 1965 immodicis
740 1911 821 1965 artat
832 1908 1026 1984 imaginibus.

343 1992 399 2052 Me
413 1989 502 2050 focus
517 1995 550 2049 et
564 1990 671 2066 nigros
685 2009 747 2048 non
762 1989 954 2068 indignantia
968 1992 1069 2050 furnos

313 2089 316 2095 ·
388 2075 488 2134 'lecta
501 2076 606 2133 iuvant
619 2079 652 2133 et
665 2072 735 2132 fons
749 2074 834 2134 vivus
849 2082 882 2134 et
895 2076 994 2135 herba
1006 2071 1103 2136 rudis.

1263 476 1305 540 59

344 2159 397 2238 Sit
407 2159 483 2217 mihi
495 2177 591 2218 verna
605 2162 707 2236 satur,
729 2158 845 2217 sitnon
862 2157 1040 2219 doctissima
1052 2156 1200 2232 coniunx,
1224 2143 1225 2148 ἵ

300 2254 336 2307 10
385 2242 433 2302 Sit
444 2261 505 2303 nox
520 2260 588 2302 cum
601 2261 724 2320 somno,
745 2243 787 2301 sit
801 2243 868 2303 sine
882 2242 939 2304 lite
955 2242 1034 2309 dies,

739 2405 819 2466 xcl.

342 2534 460 2593 Rerum
476 2538 563 2592 certa
576 2530 675 2608 salus,
693 2538 848 2591 terrarum
863 2529 979 2608 gloria,
1001 2529 1137 2607 Caesar,

387 2616 512 2695 Sospite
528 2634 588 2694 quo
603 2634 728 2692 magnos
743 2612 898 2674 credimus
914 2632 983 2674 esse
1000 2612 1093 2690 deos,

343 2700 378 2759 Si
392 2701 548 2760 festinatis
561 2701 678 2759 totiens
691 2699 750 2758 tibi
761 2697 844 2758 lecta
857 2696 978 2758 libellis

386 2783 558 2843 Detinuere
576 2783 681 2843 oculos
696 2783 830 2843 carmina
843 2788 951 2841 nostra
964 2788 1050 2859 tuos,

323 2867 438 2945 5Quod
450 2868 575 2926 fortuna
588 2873 673 2926 vetat
685 2868 771 2944 lieri,
792 2866 941 2946 permitte
956 2865 1072 2943 videri,

385 2951 535 3011 Natorum
550 2953 673 3029 genitor
688 2950 799 3010 credar
813 2957 848 3010 ut
864 2969 934 3010 ease
948 2953 1052 3013 trium.

344 3037 448 3113 Haec,
470 3036 497 3095 si
510 3032 671 3115 displicui,
690 3036 809 3095 fuerint
824 3033 935 3095 solatia
949 3036 1058 3109 nobis3

386 3120 473 3179 Haec
488 3119 606 3179 luerint
620 3120 711 3180 nobis
724 3120 879 3201 praemia,
902 3121 929 3179 si
943 3119 1055 3199 placui.

734 3282 826 3343 xcll.

343 3392 493 3455 Natorum
506 3396 582 3455 mihi
599 3397 646 3455 ius
660 3396 755 3455 trium
768 3396 892 3473 roganti

312 3528 314 3532 ,
343 3477 503 3539 Musarum
516 3480 652 3560 pretium
668 3478 756 3539 dedit
769 3498 907 3539 mearum

344 3560 435 3621 Solus
452 3565 505 3642 qui
519 3570 653 3643 poterat.
680 3562 827 3641 Valebis,
848 3581 934 3623 uxor.

343 3646 414 3705 Non
429 3646 525 3707 debet
540 3646 657 3707 domini
669 3649 776 3728 perire
791 3664 910 3709 munus.
