3434 4575
316 329 379 398 276
637 332 682 395 M.
698 333 791 395 VAL.
807 332 1035 393 MAR'I'IALIS

400 489 527 552 Viribus
540 486 592 546 hic
606 486 695 565 operi
709 492 850 563 nonest,
872 486 924 545 hic
938 485 1059 546 inutilis
1075 488 1185 547 aunis:

443 573 527 650 Ergo
544 572 612 630 sine
628 571 744 630 effectu
758 570 860 649 prurit
873 571 999 648 utrique
1014 569 1117 632 labor.

377 654 540 737 bSupplex
552 653 606 714 illa
619 658 706 733 rogat
721 673 779 733 pro
793 671 827 713 se
842 654 1028 732 miserisque
1046 652 1191 733 duobus,

443 740 534 800 Hunc
549 740 690 798 iuvenem
705 738 817 815 facias,
837 738 936 816 hunc,
959 737 1139 818 Cytherea,
1161 741 1271 800 virum.

771 899 919 961 LXXXII.

403 1031 431 1091 A
450 1028 644 1090 Sinuessanis
659 1030 783 1089 conviva
798 1025 1007 1088 Philostratus
1020 1026 1114 1087 undis

443 1112 636 1174 conductum
650 1119 798 1193 repetens
812 1117 906 1173 nocte
919 1112 1048 1171 iubente
1063 1110 1166 1173 larem

401 1197 506 1257 Paene
519 1198 656 1257 imitatus
670 1198 736 1258 obit
754 1197 851 1256 saevis
865 1194 1023 1274 Elpenora
1038 1196 1130 1274 fatis,

444 1281 599 1361 Praeceps
612 1299 670 1361 per
684 1278 794 1359 longos
810 1278 881 1340 dum
894 1281 958 1340 ruit
970 1297 1070 1358 usque
1087 1278 1216 1359 gradus.

377 1363 471 1428 dNou
489 1370 589 1442 esset,
611 1363 786 1445 Nymphae,
808 1370 870 1424 tam
885 1382 992 1442 magna
1005 1364 1150 1442 pericula
1163 1383 1290 1446 passus,

447 1447 480 1508 Si
495 1448 598 1527 potius
613 1454 731 1508 vestras
746 1446 802 1506 tlle
816 1448 947 1508 bibisset
962 1467 1065 1526 aquas.

756 1629 918 1692 LXXXIII.

405 1757 502 1819 Nemo
517 1760 637 1820 habitat
651 1760 745 1838 gratis
761 1759 822 1818 nisi
836 1754 923 1818 dives
938 1762 972 1817 et
986 1758 1082 1817 orbus
1098 1755 1183 1838 apud
1197 1763 1242 1823 te.

442 1842 538 1903 Nemo
552 1842 673 1903 domum
687 1841 801 1922 pluris,
823 1842 1000 1918 Sosiblane‚
1021 1838 1114 1902 locat.

757 2018 922 2097 LXXXIV.

402 2147 463 2223 Qui
479 2145 614 2205 nondum
629 2147 750 2226 Stygias
766 2145 960 2208 descendere
975 2148 1100 2227 quaerit
1115 2146 1157 2209 ad
1172 2151 1313 2227 umbras,

445 2229 619 2290 Tonsorem
633 2231 749 2310 fugiat,
771 2232 798 2292 si
813 2232 910 2312 sapit,
931 2231 1132 2292 Antiochum.

401 2310 482 2373 Alba
496 2315 594 2375 minus
612 2316 711 2376 saevis
724 2313 900 2377 lacerantur
915 2316 1042 2377 brechia
1056 2314 1186 2396 cultris,

443 2399 520 2458 (lum
535 2398 612 2459 furit
628 2399 667 2460 ad
681 2400 833 2481 PhrygIos
848 2401 962 2460 enthea
976 2401 1068 2460 turba
1083 2399 1206 2470 modos.

380 2481 510 2543 5Mitius
525 2482 690 2564 implicitas
705 2483 804 2545 Alcon
817 2490 903 2545 secat
919 2482 1117 2544 enterocelas

444 2568 618 2649 Fractaque
632 2568 738 2629 fabrili
751 2567 879 2629 dedolat
893 2588 961 2628 ossa
975 2586 1076 2629 manu.

402 2651 547 2714 'Pendeat
561 2656 611 2714 hic
627 2656 735 2734 inopes
751 2653 884 2733 Cynicos
899 2659 933 2712 et
947 2651 1052 2712 Stoica
1066 2657 1175 2714 menta

444 2736 596 2815 Collaque
611 2737 759 2817 pulverea
773 2736 870 2797 nudet
884 2737 996 2816 equina
1009 2736 1092 2797 iuba.

400 2820 461 2879 Hie
477 2822 623 2879 miserum
639 2820 784 2900 Scythica
796 2822 852 2881 sub
870 2838 947 2899 rupe
962 2819 1154 2881 Promethea
1169 2820 1276 2901 radat,

361 2912 395 2964 lo
443 2902 628 2962 carnificem
641 2903 723 2965 nudo
739 2913 868 2985 pectore
883 2909 993 2984 poscet
1006 2922 1102 2964 avem.

400 2984 450 3044 Ad
464 2995 593 3046 matrem
608 2988 708 3063 fugiet
719 2989 895 3068 Pentheus,
919 2987 957 3047 ad
972 2987 1144 3048 Maenadas
1160 2990 1320 3072 Orpheus,

443 3070 590 3131 Antiochi
605 3078 722 3133 tantum
736 3075 867 3134 barbara
881 3069 947 3132 tela
960 3078 1082 3133 sonent

401 3152 488 3215 Haec
503 3175 703 3236 quaecunque
719 3176 788 3217 meo
803 3157 971 3218 numeratis
986 3156 1131 3234 stigmata
1146 3163 1274 3237 mento,

446 3239 480 3299 ln
498 3239 596 3300 retuli
611 3247 722 3319 pyctae
738 3240 840 3320 qualia
853 3242 959 3301 fronte
974 3238 1104 3318 sedent,

360 3320 468 3384 leon
482 3323 639 3384 iracundis
654 3325 732 3384 fecit
746 3327 846 3403 gravis
861 3325 1012 3403 unguibus
1027 3344 1123 3401 uxor3

444 3408 591 3467 Antiochi
606 3409 724 3468 ferrum
740 3414 788 3468 est
803 3416 835 3468 et
850 3408 1002 3468 scelerata
1014 3427 1134 3471 manus.

399 3489 486 3550 Unus
503 3491 543 3551 de
558 3493 676 3551 cunetis
694 3490 874 3552 animalibus
888 3494 993 3552 hircus
1007 3492 1105 3554 hahet
1118 3512 1192 3556 cor:

442 3574 593 3635 Barbatus
607 3576 699 3653 vivit,
719 3595 759 3635 ne
773 3576 856 3635 ferat
871 3576 1065 3638 Antiochum.
