3434 4575
311 499 322 529 t
698 483 825 532 sa'l'lltn
847 482 894 533 IV.

300 618 362 679 llam
385 621 457 682 mibi
483 632 626 684 commota
648 624 809 684 iamdudum
834 624 922 686 mulio
946 628 1026 706 virga

299 705 414 766 Annuit:
444 724 521 786 ergo
543 707 609 768 vale
633 711 725 768 nostri
746 726 871 783 memor,
896 719 926 769 et
946 713 1060 790 quoties
1086 722 1115 773 te

299 787 383 851 lloma
408 800 461 850 tuo
485 793 568 854 rebel
590 803 795 871 properantem
818 794 921 855 reddet
947 796 1073 875 Aquino,

301 872 338 933 lle
362 893 487 954 quoque
509 878 544 938 ad
563 876 713 937 llelvinam
731 876 871 938 Cererem
893 890 1079 960 uestramque
1098 880 1215 943 Dianam
1242 897 1292 948 320

300 955 443 1020 Converte
468 979 484 1020 a
507 959 620 1022 Cumis:
642 963 793 1022 satirarum
817 980 891 1040 ego,
917 965 943 1022 ni
968 965 1057 1042 pudet
1079 964 1157 1042 illas,

302 1042 418 1105 tltnror
441 1045 561 1122 gelidos
583 1047 695 1106 reniam
719 1046 862 1125 caligatus
887 1048 914 1105 in
936 1065 1036 1126 agros.

694 1252 888 1262 ——m-

636 1398 871 1466 SATIRA
906 1400 965 1466 IV.

300 1499 379 1593 Ecce
404 1535 509 1592 iterum
537 1532 703 1611 Crispinus,
729 1543 758 1594 et
779 1543 825 1593 est
844 1532 911 1593 mibi
934 1551 1024 1611 saepe
1049 1536 1196 1596 vocandus

301 1618 338 1679 dd
362 1626 482 1696 partes,
509 1629 667 1677 monstrum
692 1619 769 1699 nulla
794 1619 900 1677 virtute
922 1619 1103 1697 redemptum

300 1704 320 1761 d
344 1703 441 1776 vitiis,
465 1720 573 1780 aegrae
596 1703 719 1780 solaque
744 1701 862 1762 libidine
886 1705 979 1761 fortes

299 1787 444 1847 Deliciae:
469 1786 569 1847 viduas
594 1795 698 1847 tantum
721 1797 877 1865 spernatur
899 1786 1025 1846 adulter.

299 1870 371 1945 Quid
394 1870 488 1931 relert
510 1872 612 1948 igitur,
638 1871 751 1949 quantis
773 1872 898 1931 iumenta
921 1870 1026 1948 fatiget
1275 1887 1291 1939 5

298 1954 479 2030 Porticibus,
503 1964 607 2034 quanta
629 1972 777 2016 nemorum
798 1964 932 2016 vectetur
954 1955 981 2013 in
1006 1955 1115 2031 umbra,

299 2040 402 2118 Ingena
426 2048 497 2118 quot
517 2041 609 2100 vicina
632 2040 713 2116 loro,
738 2057 809 2118 quas
833 2040 934 2100 emerit
958 2037 1069 2100 aedes‘l

297 2123 389 2184 Nemo
412 2123 505 2183 malus
532 2124 616 2200 ielix,
640 2124 755 2184 minime
778 2133 933 2202 corruptor
956 2134 985 2183 et
1008 2125 1082 2184 idem

297 2207 447 2283 incestus,
472 2226 534 2268 eum
558 2225 615 2287 quo
641 2226 734 2287 nuper
758 2210 858 2269 vittata
886 2208 999 2269 iacebat

298 2294 445 2373 Sanguine
470 2293 563 2353 adbuc
585 2295 652 2354 rivo
677 2303 781 2353 terram
805 2293 933 2354 subitura
956 2293 1106 2353 sacerdos.
1261 2308 1291 2360 lo

299 2379 356 2439 Sed
384 2396 460 2438 nune
481 2378 517 2437 de
538 2379 623 2439 iactis
645 2378 822 2438 levioribus:
850 2387 879 2438 et
903 2387 997 2438 tamen
1021 2379 1095 2438 alter

299 2466 328 2523 Si
350 2462 475 2523 iecisset
497 2462 588 2539 idem,
611 2463 731 2524 caderet
752 2462 806 2522 sub
829 2463 924 2523 iudice
948 2480 1071 2536 morum:

299 2547 368 2607 llam
393 2547 470 2626 qnod
494 2557 577 2624 turpe
600 2547 700 2623 bouis,
723 2546 799 2607 Titio
824 2548 971 2626 Seioque,
995 2546 1120 2608 decebat

299 2632 479 2709 Crispinum:
503 2631 569 2711 quid
593 2650 679 2709 agas,
704 2651 789 2711 quum
812 2631 873 2690 dira
897 2641 926 2691 et
948 2631 1065 2691 foedior
1088 2633 1163 2690 omni

299 2716 425 2776 Crimine
450 2732 575 2793 persona
599 2714 664 2776 est?
708 2715 826 2776 Mullum
853 2734 907 2775 sex
940 2715 1053 2776 milibus
1078 2718 1155 2791 emit,
1261 2729 1291 2780 15

299 2802 481 2879 aequantem
504 2818 574 2860 sane
597 2800 714 2879 paribus
737 2801 872 2859 sestertia
896 2799 987 2874 libris,

300 2886 336 2945 Ut
359 2884 530 2963 perhibent,
554 2885 602 2963 qui
627 2885 664 2945 de
687 2886 798 2962 maguis
820 2886 929 2944 maiora
956 2884 1119 2964 loquuntur.

300 2968 460 3029 Consilium
484 2969 569 3030 laudo
594 2969 728 3043 artificis,
752 2970 776 3028 si
799 2986 918 3028 munere
941 2978 1019 3028 tauto

299 3054 488 3132 Praecipuam
509 3055 536 3113 in
559 3053 662 3113 tabulis
690 3071 785 3114 ceram
811 3054 889 3112 senis
917 3053 1035 3113 abstulit
1058 3055 1138 3120 orbi:

299 3137 352 3199 Est
374 3140 450 3198 ratio
473 3137 610 3212 ulterior,
637 3155 759 3215 magnae
779 3137 803 3196 si
828 3138 905 3197 misit
925 3140 1046 3211 amicae,

300 3221 382 3295 Quae
406 3222 521 3282 rebitur
545 3223 646 3283 clauso
669 3224 735 3282 latis
758 3221 960 3300 specularibus
986 3232 1078 3282 antro.

300 3306 344 3366 Nil
368 3306 429 3367 talc
452 3316 627 3385 exspectes:
651 3308 718 3366 emit
742 3305 806 3365 sibi.
851 3305 940 3367 blulta
962 3307 1104 3383 videmus,

301 3390 382 3464 Quae
405 3392 495 3452 miser
517 3398 546 3451 et
568 3392 644 3469 frugi
669 3408 727 3450 non
749 3389 819 3451 iecit
843 3390 979 3469 Apicius!
1024 3389 1087 3449 lloo
1109 3399 1149 3461 tu,

302 3476 474 3535 Succinctus
496 3476 588 3554 patria
613 3475 772 3554 quondam,
800 3471 950 3553 crispine,
976 3490 1100 3553 papyro,

301 3558 363 3619 lloo
384 3561 481 3639 pretio
503 3557 672 3638 squamam?
705 3558 801 3619 Potuit
823 3558 949 3619 fortasse
972 3558 1090 3617 minoris

304 3643 434 3704 Piscator
458 3661 542 3723 quarn
566 3645 655 3721 piscis
678 3645 749 3710 cmi:
773 3645 922 3721 provincia
945 3644 1014 3703 tanti

304 3727 406 3791 Vendit
428 3746 538 3807 agros,
560 3730 613 3793 sed
637 3730 762 3789 maiores
786 3726 913 3808 Appulia
936 3727 1042 3787 vendit.

1100 3810 1138 3871 22
