3434 4575
367 460 427 526 170
690 460 733 521 M.
749 460 840 520 VAL.
855 459 1080 521 malcomus

817 662 952 722 LXXXI.

430 815 435 825 ·
447 777 613 856 „Triginta
628 782 694 836 toto
709 775 788 836 mala
802 782 874 835 suut
889 778 1107 855 epigrammata
1121 773 1242 838 libro.“

490 862 524 921 SI
538 860 669 922 totidem
683 863 762 920 bona
777 867 866 938 sunt,
886 861 1003 938 Lause,
1024 862 1123 921 bonus
1137 860 1225 921 liber
1240 868 1299 925 eat.

808 993 957 1054 LXXXII.

447 1107 622 1187 Menophili
637 1125 749 1187 penem
766 1111 827 1165 tam
842 1106 967 1183 grandis
981 1106 1076 1167 fibula
1091 1107 1204 1185 vestit,

490 1192 533 1252 Ut
547 1193 589 1251 sit
604 1189 759 1250 comoedis
776 1191 915 1249 omuibus
931 1210 991 1249 una
1006 1191 1088 1249 satis.

447 1276 537 1335 Hune
553 1294 610 1354 ego
624 1274 818 1334 credideram
829 1309 873 1319 -
883 1293 953 1334 nam
966 1291 1058 1353 saepe
1068 1271 1210 1335 lavamur
1221 1275 1258 1335 in
1269 1294 1359 1337 unum
1368 1305 1402 1321 -

490 1356 665 1418 Sollicitum
679 1360 747 1417 voci
759 1377 908 1437 parcere,
931 1358 1060 1435 Flacce,
1082 1376 1172 1417 suae:

426 1443 527 1503 5Dum
541 1441 622 1501 ludit
636 1442 736 1501 media
749 1441 863 1521 populo
879 1448 1040 1520 spectante
1056 1440 1232 1522 palaestra,

489 1526 623 1605 Delapsa
637 1531 686 1586 est
699 1526 814 1585 misero
828 1525 941 1586 fibula:
962 1544 1074 1607 verpus
1090 1531 1169 1588 erat.

800 1660 964 1723 LXXXIII.

445 1769 632 1851 Eutrapelus
647 1779 755 1832 tonsor
770 1771 842 1833 dum
858 1774 969 1832 circuit
986 1793 1039 1832 ora
1052 1772 1191 1853 Luperci

487 1857 696 1937 Expingitque
711 1875 821 1935 genas,
844 1855 945 1916 altera
958 1858 1055 1916 barba
1070 1859 1164 1922 subit.

801 1990 967 2054 LXXXIV.

329 2135 339 2158 0
445 2103 524 2162 Dmn
539 2122 606 2164 mea
621 2104 757 2166 Caecilio
773 2105 924 2165 formatur
938 2106 1037 2182 imago
1054 2102 1199 2167 Secundo
1219 2134 1225 2145 ·

488 2186 592 2265 Spirat
607 2195 640 2248 et
653 2195 760 2265 arguta
773 2190 857 2267 picta
870 2187 984 2249 tabella
998 2207 1105 2266 manu,

446 2269 474 2349 I,
495 2269 592 2346 liber,
615 2272 654 2332 ad
669 2273 809 2333 Geticam
823 2272 949 2332 Peucen
963 2272 1167 2352 Histrumque
1183 2274 1362 2341 iacentem:

488 2355 573 2415 Haec
587 2354 657 2416 loca
670 2355 853 2436 perdomItis
869 2358 1012 2434 gentibus
1026 2355 1083 2417 ille
1097 2362 1198 2421 tenet.

424 2438 545 2499 5Parva
561 2438 647 2499 dabis
662 2460 750 2518 caro,
772 2439 829 2501 sed
844 2439 946 2500 dulcia
961 2440 1057 2518 dona,
1077 2439 1194 2502 rodald:

489 2523 614 2583 Certior
628 2526 661 2583 in
676 2531 783 2585 nostro
799 2526 934 2585 carmiue
950 2523 1050 2584 voltus
1065 2526 1137 2586 orii.
1199 2578 1202 2582 .

447 2605 576 2667 Casibus
590 2608 641 2668 hic
657 2607 767 2687 nullis,
789 2608 882 2670 nullis
899 2594 1042 2668 delebilis
1059 2609 1146 2667 aunis

489 2691 597 2772 Viaet,
619 2693 782 2774 Apelleum
798 2713 866 2754 cum
881 2693 1032 2752 morietur
1048 2711 1133 2772 opus.

809 2841 961 2905 LXXXV.

447 2950 537 3026 Quod
550 2970 614 3011 non
628 2950 745 3012 insulse
760 2954 870 3013 scribis
886 2954 1068 3014 tetrastIcha
1086 2951 1255 3033 quaedam,

489 3035 629 3095 Disticha
645 3035 727 3114 quod
741 3034 823 3096 belle
838 3057 951 3115 pauca,
974 3034 1116 3114 Sabelle,
1137 3037 1233 3117 facis,

446 3117 568 3197 Laudo,
588 3137 646 3178 uec
662 3118 806 3183 admiror.
836 3119 945 3181 Facile
963 3126 1012 3181 est
1027 3122 1250 3201 epigrammata
1266 3123 1355 3186 belle

487 3202 649 3282 Scribere,
671 3202 728 3263 sed
741 3201 855 3264 librum
870 3206 1009 3265 scribere
1026 3202 1156 3264 difficile
1171 3212 1231 3268 est.
1342 3263 1348 3276 ,

798 3338 963 3403 LXXXVI.

445 3448 496 3508 Ad
509 3448 669 3519 natalicias
685 3449 779 3532 dapes
793 3454 939 3529 vocabar,

444 3532 554 3592 Essem
569 3554 637 3593 cum
651 3535 726 3612 tibi,
747 3534 858 3611 Sexte,
880 3553 942 3593 non
957 3534 1078 3595 amicus.

448 3614 529 3689 Quid
541 3617 656 3677 iactum
670 3624 734 3696 est,
755 3636 847 3695 rogo,
870 3617 944 3697 quid
959 3625 1090 3698 repente
1105 3619 1221 3681 tactum
1236 3626 1307 3701 est,

447 3698 523 3760 Post
541 3706 587 3761 tot
599 3702 727 3781 pignora
740 3706 865 3781 nostra,
884 3708 955 3783 post
969 3708 1017 3763 tot
1031 3722 1126 3763 annos
