3434 4575
382 351 447 417 156
711 351 757 413 ol
772 352 865 413 VAL.
882 351 1110 414 blAll'l'lALlS

466 503 580 564 lnianti
593 501 752 562 melimela
767 502 840 563 dato
854 503 1016 583 fatuasque
1030 507 1196 566 mariscas:

508 586 584 647 Nam
601 588 696 664 mibi,
719 606 797 666 quae
811 589 898 646 norit
911 605 1070 666 pungere,
1093 589 1173 652 Gbia
1186 590 1279 670 sapit.

852 720 962 782 xxvi.

463 831 680 911 Apollinarem
696 833 827 891 conveni
839 850 958 908 meum,
978 831 1116 910 scazon,

463 917 506 975 nt
519 918 545 976 si
560 917 697 993 vacabit,
720 934 761 974 ne
778 914 929 975 molestus
945 914 1092 992 accedas,

463 1000 533 1060 Hoc
548 997 783 1078 qualecunque,
806 1001 893 1058 cuius
907 997 1009 1078 aliqua
1023 1019 1096 1078 pars
1109 1001 1181 1082 ipse
1191 1009 1262 1081 est,

464 1084 573 1145 Dabis:
595 1084 656 1142 hoc
671 1084 793 1142 facetae
808 1102 934 1143 carmen
947 1084 1086 1144 imbuant
1100 1103 1202 1149 aures.

467 1169 501 1228 Si
516 1176 549 1228 te
566 1174 728 1246 receptum
747 1168 855 1225 fronte
870 1165 986 1225 rideris
999 1172 1083 1244 tota,

465 1252 545 1311 Noto
562 1253 686 1330 rogabis
701 1258 738 1310 ut
752 1250 859 1311 lavore
873 1243 1037 1312 sustentet.

466 1337 588 1411 Quanto
603 1352 759 1412 mearum,
781 1336 859 1411 scis,
881 1353 989 1393 amore
1002 1353 1151 1412 nugarum

464 1418 607 1496 Flagret:
628 1436 687 1477 nec
702 1420 773 1497 ipse
785 1417 857 1497 plus
872 1436 976 1477 amare
991 1426 1024 1477 te
1038 1436 1173 1497 possum.

467 1503 583 1563 Contra
597 1500 748 1579 malignos
766 1519 836 1561 esse
852 1503 880 1561 si
894 1500 981 1560 soles
995 1508 1095 1578 tutus,

425 1586 675 1666 10Apollinarem
690 1588 824 1645 conveni
838 1605 956 1662 meum,
978 1585 1105 1646 Senon.

845 1733 969 1794 xxvii.

468 1847 589 1908 'l'uscae
606 1847 727 1928 glandis
743 1867 819 1928 aper
833 1847 1000 1928 populator
1015 1852 1048 1907 et
1061 1846 1134 1907 ilice
1148 1849 1247 1910 multa

508 1931 692 2012 impiger,
714 1931 847 1991 Aetolae
863 1931 944 1990 lama
964 1929 1100 1990 secunda
1114 1931 1223 2012 ierac,

467 2016 565 2092 Quem
580 2035 666 2076 meus
680 2017 809 2076 intravit
822 2013 1001 2096 splendenti
1016 2013 1144 2094 cuspide
1159 2017 1297 2099 Dexter,

508 2099 629 2159 Praeda
645 2101 727 2158 iacet
741 2101 857 2159 nostris
872 2098 1022 2158 invidiosa
1036 2098 1124 2162 iocis.

445 2183 677 2260 bPinguescant
690 2181 805 2242 madidi
818 2182 903 2243 laeto
918 2182 1029 2242 nidore
1044 2189 1176 2261 penates

509 2265 639 2347 Flagret
652 2274 685 2327 et
702 2268 805 2327 exciso
822 2268 904 2328 festa
922 2265 1024 2327 culina
1038 2268 1134 2346 iugo..

469 2350 533 2412 Sed
547 2371 639 2412 cocus
654 2354 813 2431 ingentem
829 2353 949 2432 piperis
965 2358 1125 2411 consumet
1140 2370 1289 2416 aceruum

511 2434 615 2495 Addet
629 2442 662 2495 et
677 2456 789 2496 arcano
803 2440 897 2496 mixta
910 2435 1045 2495 Falerna
1059 2453 1142 2513 garo.

469 2519 519 2579 Ad
534 2519 689 2580 dominum
706 2519 835 2599 redeas,
857 2526 966 2579 noster
979 2525 1012 2578 te
1026 2538 1088 2578 non
1104 2519 1187 2599 capit
1203 2521 1307 2601 ignis,

427 2613 462 2665 10
510 2606 721 2665 Conturbator
736 2624 827 2685 aper:
847 2602 941 2663 vilius
956 2604 1069 2663 esurio.

837 2737 974 2800 xxvio.

468 2850 522 2911 Sic
538 2849 723 2910 Tiburtinae
738 2857 859 2910 crescat
872 2852 929 2910 tibi
945 2849 1020 2911 silua
1034 2850 1151 2910 Dianae

510 2933 553 2993 nt
566 2939 716 3013 properet
730 2953 851 2994 caesum
867 2953 960 3014 saepe
975 2933 1082 2994 redire
1096 2953 1221 3013 nemus,

469 3017 535 3078 Nec
552 3017 756 3077 Tartessiacia
769 3017 871 3077 Pallas
884 3023 954 3094 tua,
975 3018 1096 3096 llusce,
1115 3020 1250 3097 trapetis

513 3100 612 3161 Cedat
627 3106 660 3160 et
672 3100 829 3160 immodici
844 3101 920 3160 deut
936 3104 1017 3162 bona
1029 3109 1128 3163 musta
1140 3101 1248 3180 locus3

449 3185 525 3247 bSic
537 3185 606 3245 lora
620 3185 790 3262 mirentur,
812 3185 857 3244 sic
872 3189 905 3244 te
919 3185 1033 3265 palatia
1045 3184 1176 3245 laudent

513 3268 642 3330 Excolat
656 3276 689 3329 et
701 3271 838 3347 geminas
852 3268 987 3348 plurima
1000 3268 1101 3349 palma
1115 3270 1218 3329 fores:

470 3355 541 3414 otta
557 3354 627 3414 dum
642 3353 761 3414 medius
774 3359 913 3433 praestat
928 3355 986 3413 tibi
1003 3374 1095 3433 parra
1111 3354 1306 3437 December,

511 3438 626 3518 Exige,
647 3438 704 3499 sed
717 3443 820 3515 certa,
843 3457 920 3516 quoa
933 3434 1030 3516 legis,
1050 3458 1123 3498 aure
1137 3439 1233 3499 iocos.

471 3521 582 3599 „Scire
596 3521 676 3583 libet
689 3521 818 3583 verum?
839 3540 892 3582 rer
907 3528 957 3582 est
970 3523 1048 3581 haec
1064 3521 1191 3587 ardua.“
1224 3522 1291 3584 Sed
1304 3527 1340 3585 tn

429 3613 462 3666 15
511 3604 602 3681 Quod
618 3607 676 3667 tibi
688 3604 827 3690 vindici,
849 3605 973 3685 dicere,
992 3607 1108 3685 Fusce‚
1130 3612 1232 3687 potes.

262 3887 458 4159 fb
