3434 4575
359 471 400 536 70
679 469 725 532 Μ.
742 469 833 534 VAL.
849 468 1076 531 MARTIALIS

441 625 495 687 Lis
511 624 589 701 erit,
610 623 730 701 lugenti
744 623 840 682 faciet
854 623 986 682 convitia
1002 640 1093 682 voce:

400 720 434 773 lo
480 709 558 770 Esse
576 705 676 787 pudor
690 707 789 766 vetuit
802 707 896 766 fortia
910 708 1005 766 verba
1018 706 1103 767 mihi.

442 793 547 872 „Ergo
562 786 643 851 nihiI
657 791 767 850 nobis“
781 791 884 869 inquis
899 791 1094 869 „praestabis
1109 792 1274 853 amicus·⁴l“

484 873 642 956 Quidquid
654 874 802 952 libertus,
825 872 982 952 Candide,
1004 893 1067 934 non
1079 877 1211 956 poterii.

813 1008 935 1073 XLVII.

440 1125 565 1203 Capena
579 1122 687 1203 grandi
702 1128 793 1201 porta
808 1142 868 1201 qna
886 1121 968 1203 pluit
984 1129 1071 1201 gutta

440 1207 671 1288 Phrygiumque
686 1206 799 1267 Matris
813 1205 905 1266 Almo
922 1227 981 1287 qua
994 1207 1076 1268 lavat
1089 1207 1228 1289 ferrum,

439 1292 640 1351 Horatiorum
657 1310 717 1369 qua
730 1292 811 1349 vlret
826 1309 915 1351 sacer
929 1311 1052 1371 campus
1154 1323 1159 1330 ·
1283 1299 1291 1308 '

438 1376 481 1435 Εἰ
499 1395 557 1452 qua
570 1373 676 1454 pusilli
690 1374 794 1434 fervet
806 1374 952 1434 Herculis
968 1375 1087 1453 fanum,

419 1459 607 1536 bl'anstine‚
628 1457 723 1538 plena
735 1458 847 1518 Bassus
862 1460 928 1528 ibat
940 1460 973 1517 iu
986 1457 1081 1537 reda,

439 1542 554 1602 Omnes
570 1543 652 1602 beati
667 1543 771 1622 copias
784 1543 913 1602 trahens
927 1543 1018 1604 ruris.

438 1624 506 1686 IIIIc
521 1624 644 1686 rideres
657 1627 772 1686 frutice
785 1625 885 1686 nobili
900 1624 1004 1686 caules

437 1711 481 1770 llt
495 1716 658 1791 utrumque
671 1730 798 1791 porrum
813 1709 1002 1789 sessilesque
1015 1709 1151 1772 lactucas

438 1795 594 1873 PIgroque
610 1795 713 1854 ventri
725 1812 788 1853 non
802 1794 930 1855 inutiles
946 1796 1042 1854 betas.

396 1877 506 1942 lolllic
520 1898 664 1939 coronam
677 1879 841 1959 pinguibus
856 1897 980 1957 gravem
995 1876 1094 1938 turdis

438 1963 656 2044 Leporemque
670 1961 788 2022 laesum
803 1960 916 2022 Gallici
931 1963 1015 2022 canis
1030 1960 1125 2021 dente

438 2046 643 2126 Nondumque
658 2047 739 2106 dcta
750 2044 885 2105 lacteum
900 2045 972 2106 faba
985 2064 1122 2125 porcum.

437 2131 503 2191 Nec
516 2131 646 2191 feriatus
660 2132 809 2189 instante
825 2148 998 2207 carrucam,

439 2213 503 2274 Sed
515 2221 582 2274 tuta
595 2214 669 2274 feno
686 2231 795 2272 cursor
809 2231 864 2271 ova
878 2213 1031 2293 portabat.

398 2308 430 2363 15
438 2300 556 2359 Urbem
571 2300 698 2377 petebat
712 2297 848 2357 Bassus?
869 2298 961 2357 immo
976 2316 1029 2356 rus
1043 2298 1117 2357 ibat.

808 2430 942 2493 XLVIII.

438 2545 588 2625 Pauperis
603 2547 737 2605 extruxit
751 2544 876 2623 cellam,
899 2542 956 2604 sed
969 2540 1110 2602 vendidit
1123 2539 1202 2602 Olus

480 2627 628 2689 Praedia:
649 2649 730 2689 nunc
743 2627 852 2688 cellam
868 2628 1014 2710 pauperis
1032 2624 1109 2686 Olus
1123 2624 1228 2689 habet.

817 2774 925 2837 XLIX.

435 2889 608 2951 Veientana
622 2890 697 2949 mihi
711 2890 839 2966 misces,
862 2890 915 2950 nbi
931 2888 1065 2949 Massica
1077 2893 1181 2967 potas:

480 2959 626 3033 Olfacere
641 2972 718 3032 haec
730 2970 813 3050 malo
828 2970 957 3051 pocula,
979 2990 1068 3049 quam
1083 2972 1201 3031 bibere.

856 3104 892 3164 L.

437 3215 523 3275 llaec
536 3218 612 3293 tibi,
633 3235 695 3276 non
710 3215 786 3294 alia,
807 3224 856 3277 est
871 3216 910 3276 ad
924 3236 1030 3277 cenum
1042 3237 1133 3278 causa
1146 3218 1297 3299 vocandi,

478 3299 658 3362 Versiculos
672 3303 788 3361 reciles
804 3306 856 3378 ut,
879 3300 1043 3379 LIgurine,
1063 3308 1143 3363 tuos.

434 3383 572 3463 Deposui
585 3381 703 3463 soleas,
723 3386 853 3445 affertur
868 3386 1009 3465 protinus
1022 3387 1132 3464 ingens

476 3467 562 3528 Inter
576 3466 712 3530 lactucas
727 3487 955 3547 oxygarumque
969 3466 1060 3529 liber.

413 3549 527 3612 5Alter
543 3554 730 3631 porrIgitur‚
752 3552 824 3612 dum
838 3550 961 3613 fercula
974 3553 1074 3632 prima
1090 3559 1267 3614 morantur:

477 3635 606 3697 Tertius
621 3643 685 3713 est,
706 3654 809 3716 neque
824 3636 924 3697 adhuc
939 3654 1045 3695 mensa
1058 3635 1195 3696 secunda
1208 3638 1306 3697 veuit.

433 3718 475 3778 ut
490 3726 632 3800 quartum
644 3722 758 3781 recitas
773 3730 807 3781 et
821 3722 961 3802 qulntum
976 3718 1111 3799 deanue
1126 3721 1243 3781 broma.
