3434 4575
655 465 700 526 M.
715 464 808 525 vul..
825 463 1052 525 munimus
1221 516 1223 519 .

387 614 598 698 5Deprendat
612 635 706 676 vacuo
719 621 847 675 venator
861 616 895 674 iu
910 617 981 675 atire
995 615 1157 697 praedam,

462 701 495 762 Si
512 706 637 780 captare
652 700 735 760 ferar
752 699 877 779 aucupis
892 704 958 758 arte
971 698 1083 779 placet.

817 815 883 879 XII.

417 919 503 980 Inter
520 917 691 977 Caesareae
707 914 885 975 discrimina
901 933 991 975 saeva
1004 915 1119 976 Dianae

458 1001 594 1063 Fixiaaet
608 998 762 1078 gravidam
774 1018 842 1059 oum
856 995 935 1059 levis
949 998 1037 1058 hasta
1051 1018 1153 1078 suem,

415 1084 534 1157 liuiluit
547 1090 653 1164 partus
668 1084 800 1144 miserae
815 1081 855 1142 de
871 1080 999 1143 vulnere
1014 1085 1146 1144 matria.-

460 1169 486 1230 0
501 1168 618 1228 Lucina
631 1167 738 1245 ferox,
756 1167 816 1226 hoc
829 1168 991 1247 peperisre
1003 1167 1085 1227 fuit?

394 1251 564 1316 5Pluribna
580 1249 636 1312 illa
650 1251 729 1312 mori
742 1248 892 1311 voluisset
905 1252 1007 1311 saucia
1020 1248 1111 1330 telis,
1150 1299 1151 1302 η

459 1336 608 1398 Omnibus
623 1345 657 1395 nt
670 1336 753 1394 natio
767 1335 858 1394 triste
875 1340 1000 1414 pateret
1014 1336 1086 1396 iter.

417 1421 493 1498 Quia
507 1423 601 1497 negat
615 1436 685 1478 eoae
701 1423 799 1477 satum
812 1425 952 1477 materno
967 1418 1079 1480 funere
1096 1420 1274 1482 Bacchum?

368 1532 373 1540 ·
459 1503 511 1563 Sic
526 1503 665 1581 genItum
678 1518 791 1560 numen
807 1500 945 1561 credite:
967 1508 1039 1562 nata
1053 1504 1121 1564 fera
1136 1510 1193 1566 eat.

808 1620 886 1682 XIII.

415 1721 479 1782 icta
494 1720 579 1798 gravi
592 1720 657 1780 telo
676 1720 880 1800 consonaque
894 1717 1024 1780 vulnere
1038 1725 1137 1778 mater

460 1803 519 1864 Sus
534 1804 655 1884 pariter
667 1804 759 1864 vitam
773 1802 914 1885 perdidit
928 1810 1020 1882 atque
1035 1801 1130 1862 dedit.

415 1887 441 1948 0
460 1907 549 1967 quam
564 1894 650 1948 certa
663 1887 725 1948 Iuit
738 1887 852 1949 librato
869 1886 997 1948 dextera
1012 1887 1113 1946 ferro!

458 1973 547 2033 Hanc
563 1990 620 2051 ego
635 1972 770 2032 Lucinae
787 1969 882 2031 credo
897 1971 992 2031 fuisse
1007 1989 1136 2029 manum.

391 2056 552 2137 5Enperta
573 2061 621 2116 eat
634 2052 747 2116 numen
762 2057 898 2115 moriens
911 2054 1072 2132 utriusque
1086 2054 1218 2131 Dianae,

456 2141 586 2219 Quaque
602 2135 703 2199 uoluta
715 2156 828 2218 pareus
844 2156 964 2216 quaque
979 2144 1141 2217 perempta
1154 2138 1223 2197 fera
1237 2146 1296 2200 est.

806 2252 886 2315 XIV.

415 2354 473 2415 Sua
488 2354 557 2414 fera
569 2355 631 2414 iam
645 2354 769 2432 gravior
783 2354 896 2413 maturi
911 2355 1042 2434 pignore
1057 2356 1176 2415 ventrio

454 2438 567 2497 Emisit
581 2438 696 2514 fetum,
717 2435 846 2497 vulnere
861 2437 942 2497 facta
955 2457 1086 2519 parens3

411 2522 477 2581 Nec
490 2522 586 2581 iacuit
597 2526 721 2601 portua,
742 2519 798 2581 aed
811 2526 910 2580 matre
926 2521 1056 2583 cadente
1071 2525 1217 2584 cucurrit.

456 2603 482 2664 0
498 2611 645 2684 quantum
660 2609 709 2665 eat
722 2605 832 2665 aubitia
848 2605 969 2668 casibus
983 2608 1153 2687 ingenium!

813 2723 882 2785 XV.

413 2819 536 2880 Summa
549 2827 640 2899 tuae,
661 2820 842 2902 Meleagro,
863 2823 924 2882 fnit
940 2841 1017 2902 quae
1032 2821 1129 2900 gloria
1143 2821 1258 2901 famae,

456 2905 610 2980 Quantum
625 2908 689 2966 est!
718 2907 914 2986 Carpophori
926 2908 1030 2986 portio
1044 2906 1130 2965 inam
1147 2924 1230 2986 aper.

412 2985 471 3048 Ille
487 2995 520 3048 et
532 2989 698 3069 praecipiti
713 2988 863 3049 venabula
878 2987 1018 3049 condidit
1032 3009 1120 3067 urso,

313 3129 323 3144 ,
394 3137 402 3151 ,
455 3071 623 3131 Primuain
638 3073 748 3133 Arctoi
763 3076 815 3153 qui
829 3073 889 3132 fuit
904 3091 975 3131 arce
989 3071 1071 3153 poli,

389 3154 529 3216 ostravit
543 3162 576 3216 et
589 3158 694 3234 ignota
709 3154 909 3236 spectandum
924 3154 1006 3217 mole
1023 3155 1162 3234 leonem,

455 3237 627 3300 Herculeae
640 3241 743 3320 potuit
757 3242 809 3319 qui
824 3239 966 3300 decuisse
982 3247 1104 3317 manua,

409 3322 451 3386 Et
463 3322 621 3384 volucrem
634 3322 727 3403 longo
743 3325 884 3403 porrexit
896 3321 1025 3395 volnere
1039 3321 1177 3403 pardum.

454 3408 596 3469 Praemia
614 3428 682 3469 cnm
698 3406 822 3467 tandem
836 3407 954 3484 ferret,
974 3405 1073 3467 adhuc
1086 3411 1220 3487 poterat.

784 3597 786 3601 ,
812 3524 893 3588 XVI.

391 3589 396 3601 ¹
414 3621 531 3703 Raptus
545 3622 610 3685 abit
623 3622 725 3686 media
739 3622 822 3705 quod
837 3623 875 3685 ad
890 3625 1018 3687 aethera
1032 3633 1137 3686 taurus
1150 3627 1283 3707 harena,

453 3707 523 3767 Non
536 3707 597 3769 fuit
610 3710 670 3771 hoc
685 3710 777 3789 artie,
799 3709 856 3771 aad
870 3710 996 3790 pietatis
1011 3728 1096 3791 opna.
