<?xml version="1.0" encoding="UTF-8"?>
<!DOCTYPE html PUBLIC "-//W3C//DTD XHTML 1.0 Transitional//EN"
    "http://www.w3.org/TR/xhtml1/DTD/xhtml1-transitional.dtd">
<html xmlns="http://www.w3.org/1999/xhtml" xml:lang="en" lang="en">
 <head>
  <title>
</title>
<meta http-equiv="Content-Type" content="text/html;charset=utf-8" />
  <meta name='ocr-system' content='tesseract 3.04.00' />
  <meta name='ocr-capabilities' content='ocr_page ocr_carea ocr_par ocr_line ocrx_word'/>
</head>
<body>
  <div class='ocr_page' id='page_1' title='image "./satirarumlibriq00juvegoog_0322.png"; bbox 0 0 3434 4575; ppageno 0'>
   <div class='ocr_carea' id='block_1_1' title="bbox 332 351 1052 420">
    <p class='ocr_par' dir='ltr' id='par_1_1' title="bbox 332 351 1052 420">
     <span class='ocr_line' id='line_1_1' title="bbox 332 351 1052 420; baseline -0.008 0"><span class='ocrx_word' id='word_1_1' title='bbox 332 355 393 420; x_wconf 80' lang='lat' dir='ltr'>llo</span> <span class='ocrx_word' id='word_1_2' title='bbox 656 351 699 413; x_wconf 91' lang='grc' dir='ltr'>Μ.</span> <span class='ocrx_word' id='word_1_3' title='bbox 716 352 807 414; x_wconf 85' lang='lat' dir='ltr'><strong>VAL.</strong></span> <span class='ocrx_word' id='word_1_4' title='bbox 824 351 1052 414; x_wconf 69' lang='lat' dir='ltr'>onustans</span> 
     </span>
    </p>
   </div>
   <div class='ocr_carea' id='block_1_2' title="bbox 793 554 919 616">
    <p class='ocr_par' dir='ltr' id='par_1_2' title="bbox 793 554 919 616">
     <span class='ocr_line' id='line_1_2' title="bbox 793 554 919 616; baseline 0.016 -2"><span class='ocrx_word' id='word_1_5' title='bbox 793 554 919 616; x_wconf 81' lang='lat' dir='ltr'>XXXV.</span> 
     </span>
    </p>
   </div>
   <div class='ocr_carea' id='block_1_3' title="bbox 390 667 1169 1339">
    <p class='ocr_par' dir='ltr' id='par_1_3' title="bbox 413 667 1087 731">
     <span class='ocr_line' id='line_1_3' title="bbox 413 667 1087 731; baseline -0.001 -1"><span class='ocrx_word' id='word_1_6' title='bbox 413 672 492 730; x_wconf 81' lang='lat' dir='ltr'>Dum</span> <span class='ocrx_word' id='word_1_7' title='bbox 508 671 567 731; x_wconf 90' lang='lat' dir='ltr'>sihi</span> <span class='ocrx_word' id='word_1_8' title='bbox 582 668 688 729; x_wconf 91' lang='lat' dir='ltr'>redire</span> <span class='ocrx_word' id='word_1_9' title='bbox 706 668 746 728; x_wconf 90' lang='lat' dir='ltr'>de</span> <span class='ocrx_word' id='word_1_10' title='bbox 763 669 964 729; x_wconf 87' lang='lat' dir='ltr'>Patrensibus</span> <span class='ocrx_word' id='word_1_11' title='bbox 979 667 1087 729; x_wconf 77' lang='lat' dir='ltr'>lundis</span> 
     </span>
    </p>

    <p class='ocr_par' dir='ltr' id='par_1_4' title="bbox 413 752 1019 815">
     <span class='ocr_line' id='line_1_4' title="bbox 413 752 1019 815; baseline -0.003 -1"><span class='ocrx_word' id='word_1_12' title='bbox 413 755 540 814; x_wconf 85' lang='lat' dir='ltr'>Ducena</span> <span class='ocrx_word' id='word_1_13' title='bbox 555 753 666 815; x_wconf 87' lang='lat' dir='ltr'>clamat</span> <span class='ocrx_word' id='word_1_14' title='bbox 680 754 856 813; x_wconf 80' lang='lat' dir='ltr'>coccinatus</span> <span class='ocrx_word' id='word_1_15' title='bbox 871 752 1019 813; x_wconf 85' lang='lat' dir='ltr'>Euclides</span> 
     </span>
    </p>

    <p class='ocr_par' dir='ltr' id='par_1_5' title="bbox 414 837 996 918">
     <span class='ocr_line' id='line_1_5' title="bbox 414 837 996 918; baseline -0.003 -19"><span class='ocrx_word' id='word_1_16' title='bbox 414 839 641 918; x_wconf 78' lang='lat' dir='ltr'><strong>Corinthioque</strong></span> <span class='ocrx_word' id='word_1_17' title='bbox 656 837 746 917; x_wconf 88' lang='lat' dir='ltr'>plura</span> <span class='ocrx_word' id='word_1_18' title='bbox 764 837 804 896; x_wconf 96' lang='lat' dir='ltr'>de</span> <span class='ocrx_word' id='word_1_19' title='bbox 820 839 996 898; x_wconf 81' lang='lat' dir='ltr'>suburbano</span> 
     </span>
    </p>

    <p class='ocr_par' dir='ltr' id='par_1_6' title="bbox 390 920 1169 1067">
     <span class='ocr_line' id='line_1_6' title="bbox 413 920 1169 1003; baseline -0.003 -19"><span class='ocrx_word' id='word_1_20' title='bbox 413 923 614 1002; x_wconf 86' lang='lat' dir='ltr'>Longumque</span> <span class='ocrx_word' id='word_1_21' title='bbox 628 920 760 1003; x_wconf 90' lang='lat' dir='ltr'>pulchra</span> <span class='ocrx_word' id='word_1_22' title='bbox 774 928 904 981; x_wconf 87' lang='lat' dir='ltr'>stemma</span> <span class='ocrx_word' id='word_1_23' title='bbox 916 923 1035 1002; x_wconf 88' lang='lat' dir='ltr'>repetit</span> <span class='ocrx_word' id='word_1_24' title='bbox 1049 921 1169 982; x_wconf 75' lang='lat' dir='ltr'>ahena</span> 
     </span>
     <span class='ocr_line' id='line_1_7' title="bbox 390 1003 943 1067; baseline -0.004 -1"><span class='ocrx_word' id='word_1_25' title='bbox 390 1008 455 1067; x_wconf 73' lang='lat' dir='ltr'>snt</span> <span class='ocrx_word' id='word_1_26' title='bbox 469 1007 631 1066; x_wconf 73' lang='lat' dir='ltr'>suscitanti</span> <span class='ocrx_word' id='word_1_27' title='bbox 646 1006 737 1066; x_wconf 81' lang='lat' dir='ltr'><strong>Leito</strong></span> <span class='ocrx_word' id='word_1_28' title='bbox 752 1003 943 1065; x_wconf 82' lang='lat' dir='ltr'>reluctatur:</span> 
     </span>
    </p>

    <p class='ocr_par' dir='ltr' id='par_1_7' title="bbox 414 1087 999 1171">
     <span class='ocr_line' id='line_1_8' title="bbox 414 1087 999 1171; baseline -0.003 -20"><span class='ocrx_word' id='word_1_29' title='bbox 414 1092 521 1170; x_wconf 83' lang='lat' dir='ltr'>Equiti</span> <span class='ocrx_word' id='word_1_30' title='bbox 537 1092 690 1171; x_wconf 88' lang='lat' dir='ltr'>superbo,</span> <span class='ocrx_word' id='word_1_31' title='bbox 712 1089 827 1167; x_wconf 88' lang='lat' dir='ltr'>nobili,</span> <span class='ocrx_word' id='word_1_32' title='bbox 846 1087 999 1170; x_wconf 88' lang='lat' dir='ltr'>locupleti</span> 
     </span>
    </p>

    <p class='ocr_par' dir='ltr' id='par_1_8' title="bbox 416 1170 1073 1256">
     <span class='ocr_line' id='line_1_9' title="bbox 416 1170 1073 1256; baseline -0.002 -21"><span class='ocrx_word' id='word_1_33' title='bbox 416 1174 541 1236; x_wconf 84' lang='lat' dir='ltr'>cecidit</span> <span class='ocrx_word' id='word_1_34' title='bbox 553 1181 688 1256; x_wconf 86' lang='lat' dir='ltr'>repente</span> <span class='ocrx_word' id='word_1_35' title='bbox 703 1193 812 1252; x_wconf 84' lang='lat' dir='ltr'>magna</span> <span class='ocrx_word' id='word_1_36' title='bbox 828 1172 868 1233; x_wconf 90' lang='lat' dir='ltr'>de</span> <span class='ocrx_word' id='word_1_37' title='bbox 882 1176 953 1234; x_wconf 88' lang='lat' dir='ltr'>sinu</span> <span class='ocrx_word' id='word_1_38' title='bbox 968 1170 1073 1234; x_wconf 84' lang='lat' dir='ltr'>clavis.</span> 
     </span>
    </p>

    <p class='ocr_par' dir='ltr' id='par_1_9' title="bbox 414 1256 1110 1339">
     <span class='ocr_line' id='line_1_10' title="bbox 414 1256 1110 1339; baseline 0.003 -22"><span class='ocrx_word' id='word_1_39' title='bbox 414 1257 593 1339; x_wconf 82' lang='lat' dir='ltr'>Nunquam,</span> <span class='ocrx_word' id='word_1_40' title='bbox 612 1256 762 1337; x_wconf 81' lang='lat' dir='ltr'>Fabulle,</span> <span class='ocrx_word' id='word_1_41' title='bbox 784 1260 917 1338; x_wconf 88' lang='lat' dir='ltr'>nequior</span> <span class='ocrx_word' id='word_1_42' title='bbox 931 1258 991 1318; x_wconf 83' lang='lat' dir='ltr'>fuit</span> <span class='ocrx_word' id='word_1_43' title='bbox 1006 1258 1110 1320; x_wconf 81' lang='lat' dir='ltr'>claris.</span> 
     </span>
    </p>
   </div>
   <div class='ocr_carea' id='block_1_4' title="bbox 784 1393 922 1455">
    <p class='ocr_par' dir='ltr' id='par_1_10' title="bbox 784 1393 922 1455">
     <span class='ocr_line' id='line_1_11' title="bbox 784 1393 922 1455; baseline -0.007 0"><span class='ocrx_word' id='word_1_44' title='bbox 784 1393 922 1455; x_wconf 83' lang='lat' dir='ltr'>XXXVI.</span> 
     </span>
    </p>
   </div>
   <div class='ocr_carea' id='block_1_5' title="bbox 414 1503 1167 1670">
    <p class='ocr_par' dir='ltr' id='par_1_11' title="bbox 414 1503 1167 1670">
     <span class='ocr_line' id='line_1_12' title="bbox 414 1503 1167 1584; baseline -0.004 -16"><span class='ocrx_word' id='word_1_45' title='bbox 414 1505 569 1568; x_wconf 85' lang='lat' dir='ltr'>Laudatus</span> <span class='ocrx_word' id='word_1_46' title='bbox 583 1512 692 1565; x_wconf 90' lang='lat' dir='ltr'>nostro</span> <span class='ocrx_word' id='word_1_47' title='bbox 707 1505 845 1584; x_wconf 89' lang='lat' dir='ltr'>quidam,</span> <span class='ocrx_word' id='word_1_48' title='bbox 867 1506 1033 1583; x_wconf 82' lang='lat' dir='ltr'>Faustino,</span> <span class='ocrx_word' id='word_1_49' title='bbox 1051 1503 1167 1566; x_wconf 86' lang='lat' dir='ltr'>libello</span> 
     </span>
     <span class='ocr_line' id='line_1_13' title="bbox 457 1588 1142 1670; baseline -0.001 -19"><span class='ocrx_word' id='word_1_50' title='bbox 457 1588 652 1667; x_wconf 77' lang='lat' dir='ltr'>Dissimulet,</span> <span class='ocrx_word' id='word_1_51' title='bbox 675 1591 761 1669; x_wconf 89' lang='lat' dir='ltr'>quasi</span> <span class='ocrx_word' id='word_1_52' title='bbox 775 1589 821 1650; x_wconf 90' lang='lat' dir='ltr'>nil</span> <span class='ocrx_word' id='word_1_53' title='bbox 836 1589 964 1650; x_wconf 87' lang='lat' dir='ltr'>debeat:</span> <span class='ocrx_word' id='word_1_54' title='bbox 985 1591 1142 1670; x_wconf 86' lang='lat' dir='ltr'>imposuit.</span> 
     </span>
    </p>
   </div>
   <div class='ocr_carea' id='block_1_6' title="bbox 773 1722 927 1786">
    <p class='ocr_par' dir='ltr' id='par_1_12' title="bbox 773 1722 927 1786">
     <span class='ocr_line' id='line_1_14' title="bbox 773 1722 927 1786; baseline 0.006 -1"><span class='ocrx_word' id='word_1_55' title='bbox 773 1722 927 1786; x_wconf 78' lang='lat' dir='ltr'>mvn.</span> 
     </span>
    </p>
   </div>
   <div class='ocr_carea' id='block_1_7' title="bbox 285 1835 1163 2265">
    <p class='ocr_par' dir='ltr' id='par_1_13' title="bbox 285 1835 1163 2265">
     <span class='ocr_line' id='line_1_15' title="bbox 415 1835 1029 1916; baseline -0.005 -17"><span class='ocrx_word' id='word_1_56' title='bbox 415 1838 523 1899; x_wconf 89' lang='lat' dir='ltr'>Puella</span> <span class='ocrx_word' id='word_1_57' title='bbox 538 1838 663 1898; x_wconf 79' lang='lat' dir='ltr'>senibus</span> <span class='ocrx_word' id='word_1_58' title='bbox 678 1835 800 1897; x_wconf 89' lang='lat' dir='ltr'>dulcior</span> <span class='ocrx_word' id='word_1_59' title='bbox 814 1838 891 1896; x_wconf 92' lang='lat' dir='ltr'>mihi</span> <span class='ocrx_word' id='word_1_60' title='bbox 906 1838 1029 1916; x_wconf 81' lang='lat' dir='ltr'>cygnis,</span> 
     </span>
     <span class='ocr_line' id='line_1_16' title="bbox 416 1919 990 2001; baseline -0.003 -19"><span class='ocrx_word' id='word_1_61' title='bbox 416 1924 504 2001; x_wconf 87' lang='lat' dir='ltr'>Agna</span> <span class='ocrx_word' id='word_1_62' title='bbox 520 1920 645 1983; x_wconf 82' lang='lat' dir='ltr'>Galaesi</span> <span class='ocrx_word' id='word_1_63' title='bbox 661 1920 783 1981; x_wconf 88' lang='lat' dir='ltr'>mollior</span> <span class='ocrx_word' id='word_1_64' title='bbox 796 1919 990 1999; x_wconf 86' lang='lat' dir='ltr'>Phalantini,</span> 
     </span>
     <span class='ocr_line' id='line_1_17' title="bbox 417 2003 996 2082; baseline -0.007 -16"><span class='ocrx_word' id='word_1_65' title='bbox 417 2005 544 2066; x_wconf 79' lang='lat' dir='ltr'>Concha</span> <span class='ocrx_word' id='word_1_66' title='bbox 557 2006 685 2065; x_wconf 88' lang='lat' dir='ltr'>Lucrini</span> <span class='ocrx_word' id='word_1_67' title='bbox 700 2003 865 2065; x_wconf 82' lang='lat' dir='ltr'>delicatior</span> <span class='ocrx_word' id='word_1_68' title='bbox 880 2006 996 2082; x_wconf 86' lang='lat' dir='ltr'>stagni,</span> 
     </span>
     <span class='ocr_line' id='line_1_18' title="bbox 416 2087 1085 2169; baseline -0.004 -19"><span class='ocrx_word' id='word_1_69' title='bbox 416 2090 475 2150; x_wconf 73' lang='lat' dir='ltr'>(ini</span> <span class='ocrx_word' id='word_1_70' title='bbox 489 2107 548 2149; x_wconf 88' lang='lat' dir='ltr'>neo</span> <span class='ocrx_word' id='word_1_71' title='bbox 562 2087 686 2169; x_wconf 84' lang='lat' dir='ltr'>lapillos</span> <span class='ocrx_word' id='word_1_72' title='bbox 701 2090 862 2169; x_wconf 80' lang='lat' dir='ltr'>praeferas</span> <span class='ocrx_word' id='word_1_73' title='bbox 875 2089 1085 2168; x_wconf 82' lang='lat' dir='ltr'>Erythraeos,</span> 
     </span>
     <span class='ocr_line' id='line_1_19' title="bbox 285 2170 1163 2265; baseline -0.005 -28"><span class='ocrx_word' id='word_1_74' title='bbox 285 2204 318 2265; x_wconf 56' lang='grc' dir='ltr'>ι</span> <span class='ocrx_word' id='word_1_75' title='bbox 396 2173 485 2237; x_wconf 82' lang='lat' dir='ltr'>5Nee</span> <span class='ocrx_word' id='word_1_76' title='bbox 500 2172 591 2233; x_wconf 93' lang='lat' dir='ltr'>modo</span> <span class='ocrx_word' id='word_1_77' title='bbox 604 2171 735 2252; x_wconf 91' lang='lat' dir='ltr'>politum</span> <span class='ocrx_word' id='word_1_78' title='bbox 749 2173 879 2253; x_wconf 89' lang='lat' dir='ltr'>pecudis</span> <span class='ocrx_word' id='word_1_79' title='bbox 895 2172 1020 2234; x_wconf 80' lang='lat' dir='ltr'>ludione</span> <span class='ocrx_word' id='word_1_80' title='bbox 1034 2170 1163 2233; x_wconf 88' lang='lat' dir='ltr'>dentem</span> 
     </span>
    </p>
   </div>
   <div class='ocr_carea' id='block_1_8' title="bbox 283 2256 1195 3685">
    <p class='ocr_par' dir='ltr' id='par_1_14' title="bbox 283 2256 1096 2591">
     <span class='ocr_line' id='line_1_20' title="bbox 415 2256 1096 2339; baseline 0 -22"><span class='ocrx_word' id='word_1_81' title='bbox 415 2258 571 2337; x_wconf 82' lang='lat' dir='ltr'>Nivesque</span> <span class='ocrx_word' id='word_1_82' title='bbox 584 2258 698 2338; x_wconf 89' lang='lat' dir='ltr'>primas</span> <span class='ocrx_word' id='word_1_83' title='bbox 711 2256 876 2339; x_wconf 90' lang='lat' dir='ltr'>liliumque</span> <span class='ocrx_word' id='word_1_84' title='bbox 890 2276 953 2318; x_wconf 89' lang='lat' dir='ltr'>non</span> <span class='ocrx_word' id='word_1_85' title='bbox 964 2264 1096 2331; x_wconf 84' lang='lat' dir='ltr'>tactum;</span> 
     </span>
     <span class='ocr_line' id='line_1_21' title="bbox 416 2341 1055 2421; baseline -0.002 -19"><span class='ocrx_word' id='word_1_86' title='bbox 416 2342 502 2419; x_wconf 78' lang='lat' dir='ltr'>Quae</span> <span class='ocrx_word' id='word_1_87' title='bbox 517 2344 604 2403; x_wconf 92' lang='lat' dir='ltr'>crine</span> <span class='ocrx_word' id='word_1_88' title='bbox 619 2343 694 2402; x_wconf 88' lang='lat' dir='ltr'>vicit</span> <span class='ocrx_word' id='word_1_89' title='bbox 706 2344 824 2403; x_wconf 86' lang='lat' dir='ltr'>Baetici</span> <span class='ocrx_word' id='word_1_90' title='bbox 839 2344 943 2421; x_wconf 87' lang='lat' dir='ltr'>gregia</span> <span class='ocrx_word' id='word_1_91' title='bbox 957 2341 1055 2402; x_wconf 87' lang='lat' dir='ltr'>vellus</span> 
     </span>
     <span class='ocr_line' id='line_1_22' title="bbox 415 2424 1065 2507; baseline 0 -21"><span class='ocrx_word' id='word_1_92' title='bbox 415 2426 581 2506; x_wconf 84' lang='lat' dir='ltr'><strong>Rhenique</strong></span> <span class='ocrx_word' id='word_1_93' title='bbox 594 2426 693 2486; x_wconf 88' lang='lat' dir='ltr'>nodos</span> <span class='ocrx_word' id='word_1_94' title='bbox 708 2446 894 2507; x_wconf 85' lang='lat' dir='ltr'>aureamque</span> <span class='ocrx_word' id='word_1_95' title='bbox 907 2424 1065 2500; x_wconf 90' lang='lat' dir='ltr'>nitellam;</span> 
     </span>
     <span class='ocr_line' id='line_1_23' title="bbox 283 2509 1076 2591; baseline -0.004 -19"><span class='ocrx_word' id='word_1_96' title='bbox 283 2549 287 2557; x_wconf 92' lang='lat'>·</span> <span class='ocrx_word' id='word_1_97' title='bbox 416 2509 581 2589; x_wconf 84' lang='lat' dir='ltr'>Fragravit</span> <span class='ocrx_word' id='word_1_98' title='bbox 595 2530 667 2591; x_wconf 88' lang='lat' dir='ltr'>ore,</span> <span class='ocrx_word' id='word_1_99' title='bbox 690 2510 773 2591; x_wconf 95' lang='lat' dir='ltr'>qnod</span> <span class='ocrx_word' id='word_1_100' title='bbox 787 2513 940 2590; x_wconf 85' lang='lat' dir='ltr'>rosarium</span> <span class='ocrx_word' id='word_1_101' title='bbox 955 2510 1076 2588; x_wconf 87' lang='lat' dir='ltr'>Paesti,</span> 
     </span>
    </p>

    <p class='ocr_par' dir='ltr' id='par_1_15' title="bbox 373 2594 1101 3011">
     <span class='ocr_line' id='line_1_24' title="bbox 373 2594 1089 2676; baseline -0.007 -18"><span class='ocrx_word' id='word_1_102' title='bbox 373 2606 408 2658; x_wconf 89' lang='lat'>10</span> <span class='ocrx_word' id='word_1_103' title='bbox 416 2594 506 2671; x_wconf 80' lang='lat' dir='ltr'>Quod</span> <span class='ocrx_word' id='word_1_104' title='bbox 522 2597 694 2655; x_wconf 82' lang='lat' dir='ltr'>Atticarum</span> <span class='ocrx_word' id='word_1_105' title='bbox 710 2598 811 2676; x_wconf 89' lang='lat' dir='ltr'>prima</span> <span class='ocrx_word' id='word_1_106' title='bbox 825 2594 917 2655; x_wconf 86' lang='lat' dir='ltr'>mella</span> <span class='ocrx_word' id='word_1_107' title='bbox 932 2613 1089 2672; x_wconf 89' lang='lat' dir='ltr'>cerarum,</span> 
     </span>
     <span class='ocr_line' id='line_1_25' title="bbox 416 2678 1083 2760; baseline -0.001 -22"><span class='ocrx_word' id='word_1_108' title='bbox 416 2679 507 2755; x_wconf 77' lang='lat' dir='ltr'>Quod</span> <span class='ocrx_word' id='word_1_109' title='bbox 524 2682 700 2739; x_wconf 88' lang='lat' dir='ltr'>sucinorum</span> <span class='ocrx_word' id='word_1_110' title='bbox 713 2686 802 2760; x_wconf 90' lang='lat' dir='ltr'>rapta</span> <span class='ocrx_word' id='word_1_111' title='bbox 817 2679 857 2739; x_wconf 92' lang='lat' dir='ltr'>de</span> <span class='ocrx_word' id='word_1_112' title='bbox 872 2696 962 2739; x_wconf 89' lang='lat' dir='ltr'>mann</span> <span class='ocrx_word' id='word_1_113' title='bbox 978 2678 1083 2757; x_wconf 84' lang='lat' dir='ltr'>gleha;</span> 
     </span>
     <span class='ocr_line' id='line_1_26' title="bbox 416 2762 1056 2844; baseline -0.003 -21"><span class='ocrx_word' id='word_1_114' title='bbox 416 2763 474 2823; x_wconf 78' lang='lat' dir='ltr'>cui</span> <span class='ocrx_word' id='word_1_115' title='bbox 490 2770 683 2844; x_wconf 89' lang='lat' dir='ltr'>comparatus</span> <span class='ocrx_word' id='word_1_116' title='bbox 697 2762 847 2823; x_wconf 81' lang='lat' dir='ltr'>indecens</span> <span class='ocrx_word' id='word_1_117' title='bbox 863 2768 932 2822; x_wconf 89' lang='lat' dir='ltr'>erat</span> <span class='ocrx_word' id='word_1_118' title='bbox 945 2782 1056 2843; x_wconf 83' lang='lat' dir='ltr'>parus,</span> 
     </span>
     <span class='ocr_line' id='line_1_27' title="bbox 412 2846 1101 2927; baseline -0.003 -19"><span class='ocrx_word' id='word_1_119' title='bbox 412 2846 586 2908; x_wconf 86' lang='lat' dir='ltr'>Inamabilis</span> <span class='ocrx_word' id='word_1_120' title='bbox 600 2848 719 2907; x_wconf 89' lang='lat' dir='ltr'>sciurus</span> <span class='ocrx_word' id='word_1_121' title='bbox 738 2854 771 2907; x_wconf 91' lang='lat' dir='ltr'>et</span> <span class='ocrx_word' id='word_1_122' title='bbox 785 2848 935 2925; x_wconf 84' lang='lat' dir='ltr'>frequens</span> <span class='ocrx_word' id='word_1_123' title='bbox 951 2846 1101 2927; x_wconf 85' lang='lat' dir='ltr'>phoenix:</span> 
     </span>
     <span class='ocr_line' id='line_1_28' title="bbox 414 2930 1035 3011; baseline 0 -21"><span class='ocrx_word' id='word_1_124' title='bbox 414 2930 525 2991; x_wconf 83' lang='lat' dir='ltr'>Adhuc</span> <span class='ocrx_word' id='word_1_125' title='bbox 540 2933 662 2992; x_wconf 89' lang='lat' dir='ltr'>recenti</span> <span class='ocrx_word' id='word_1_126' title='bbox 677 2938 766 3011; x_wconf 89' lang='lat' dir='ltr'>tepet</span> <span class='ocrx_word' id='word_1_127' title='bbox 779 2931 913 2992; x_wconf 82' lang='lat' dir='ltr'>Erotion</span> <span class='ocrx_word' id='word_1_128' title='bbox 928 2932 1035 3008; x_wconf 91' lang='lat' dir='ltr'>husto,</span> 
     </span>
    </p>

    <p class='ocr_par' dir='ltr' id='par_1_16' title="bbox 373 3014 1195 3432">
     <span class='ocr_line' id='line_1_29' title="bbox 373 3014 1059 3095; baseline -0.004 -18"><span class='ocrx_word' id='word_1_129' title='bbox 373 3025 407 3077; x_wconf 83' lang='lat'>15</span> <span class='ocrx_word' id='word_1_130' title='bbox 415 3017 511 3091; x_wconf 77' lang='lat' dir='ltr'>Quam</span> <span class='ocrx_word' id='word_1_131' title='bbox 525 3017 729 3095; x_wconf 67' lang='lat' dir='ltr'>pessimorum</span> <span class='ocrx_word' id='word_1_132' title='bbox 742 3014 794 3075; x_wconf 83' lang='lat' dir='ltr'>lex</span> <span class='ocrx_word' id='word_1_133' title='bbox 808 3034 910 3073; x_wconf 89' lang='lat' dir='ltr'>amara</span> <span class='ocrx_word' id='word_1_134' title='bbox 925 3014 1059 3075; x_wconf 84' lang='lat' dir='ltr'>fatorum</span> 
     </span>
     <span class='ocr_line' id='line_1_30' title="bbox 414 3099 1078 3181; baseline 0.002 -23"><span class='ocrx_word' id='word_1_135' title='bbox 414 3099 508 3159; x_wconf 86' lang='lat' dir='ltr'>Sexta</span> <span class='ocrx_word' id='word_1_136' title='bbox 522 3101 647 3181; x_wconf 79' lang='lat' dir='ltr'>peregit</span> <span class='ocrx_word' id='word_1_137' title='bbox 660 3100 780 3177; x_wconf 83' lang='lat' dir='ltr'>hienae,</span> <span class='ocrx_word' id='word_1_138' title='bbox 802 3116 863 3158; x_wconf 88' lang='lat' dir='ltr'>neo</span> <span class='ocrx_word' id='word_1_139' title='bbox 877 3104 980 3157; x_wconf 85' lang='lat' dir='ltr'>tamen</span> <span class='ocrx_word' id='word_1_140' title='bbox 994 3105 1078 3176; x_wconf 88' lang='lat' dir='ltr'>tota,</span> 
     </span>
     <span class='ocr_line' id='line_1_31' title="bbox 413 3181 1070 3262; baseline -0.002 -18"><span class='ocrx_word' id='word_1_141' title='bbox 413 3183 546 3244; x_wconf 86' lang='lat' dir='ltr'>Nostros</span> <span class='ocrx_word' id='word_1_142' title='bbox 560 3201 682 3244; x_wconf 84' lang='lat' dir='ltr'>amores</span> <span class='ocrx_word' id='word_1_143' title='bbox 695 3181 902 3262; x_wconf 75' lang='lat' dir='ltr'>gaudiumque</span> <span class='ocrx_word' id='word_1_144' title='bbox 914 3184 1070 3261; x_wconf 85' lang='lat' dir='ltr'>lususque.</span> 
     </span>
     <span class='ocr_line' id='line_1_32' title="bbox 412 3266 1086 3345; baseline 0.001 -19"><span class='ocrx_word' id='word_1_145' title='bbox 412 3266 455 3327; x_wconf 79' lang='lat' dir='ltr'>nt</span> <span class='ocrx_word' id='word_1_146' title='bbox 469 3286 539 3329; x_wconf 84' lang='lat' dir='ltr'>esse</span> <span class='ocrx_word' id='word_1_147' title='bbox 555 3269 679 3329; x_wconf 90' lang='lat' dir='ltr'>tristem</span> <span class='ocrx_word' id='word_1_148' title='bbox 694 3286 744 3328; x_wconf 91' lang='lat' dir='ltr'>me</span> <span class='ocrx_word' id='word_1_149' title='bbox 758 3287 845 3329; x_wconf 89' lang='lat' dir='ltr'>meus</span> <span class='ocrx_word' id='word_1_150' title='bbox 857 3273 943 3327; x_wconf 88' lang='lat' dir='ltr'>retat</span> <span class='ocrx_word' id='word_1_151' title='bbox 955 3266 1086 3345; x_wconf 86' lang='lat' dir='ltr'>Paetus,</span> 
     </span>
     <span class='ocr_line' id='line_1_33' title="bbox 413 3348 1195 3432; baseline 0.006 -22"><span class='ocrx_word' id='word_1_152' title='bbox 413 3350 589 3431; x_wconf 86' lang='lat' dir='ltr'>Pectusque</span> <span class='ocrx_word' id='word_1_153' title='bbox 605 3350 732 3431; x_wconf 86' lang='lat' dir='ltr'>pulsans</span> <span class='ocrx_word' id='word_1_154' title='bbox 746 3354 866 3432; x_wconf 86' lang='lat' dir='ltr'>pariter</span> <span class='ocrx_word' id='word_1_155' title='bbox 880 3358 914 3411; x_wconf 90' lang='lat' dir='ltr'>et</span> <span class='ocrx_word' id='word_1_156' title='bbox 929 3371 1045 3411; x_wconf 88' lang='lat' dir='ltr'>comam</span> <span class='ocrx_word' id='word_1_157' title='bbox 1058 3348 1195 3415; x_wconf 79' lang='lat' dir='ltr'>vellens:</span> 
     </span>
    </p>

    <p class='ocr_par' dir='ltr' id='par_1_17' title="bbox 370 3425 1195 3685">
     <span class='ocr_line' id='line_1_34' title="bbox 370 3425 1124 3515; baseline -0.003 -18"><span class='ocrx_word' id='word_1_158' title='bbox 370 3425 559 3512; x_wconf 70' lang='lat' dir='ltr'>2⁰„Dellere</span> <span class='ocrx_word' id='word_1_159' title='bbox 577 3455 638 3496; x_wconf 93' lang='lat' dir='ltr'>non</span> <span class='ocrx_word' id='word_1_160' title='bbox 652 3443 686 3496; x_wconf 89' lang='lat' dir='ltr'>te</span> <span class='ocrx_word' id='word_1_161' title='bbox 698 3435 846 3496; x_wconf 86' lang='lat' dir='ltr'>vernulae</span> <span class='ocrx_word' id='word_1_162' title='bbox 858 3433 957 3515; x_wconf 88' lang='lat' dir='ltr'>pudet</span> <span class='ocrx_word' id='word_1_163' title='bbox 970 3436 1124 3495; x_wconf 68' lang='lat' dir='ltr'>mortem?</span> 
     </span>
     <span class='ocr_line' id='line_1_35' title="bbox 413 3518 1195 3599; baseline 0.003 -21"><span class='ocrx_word' id='word_1_164' title='bbox 413 3520 480 3597; x_wconf 85' lang='lat' dir='ltr'>Ego</span> <span class='ocrx_word' id='word_1_165' title='bbox 496 3520 681 3599; x_wconf 85' lang='lat' dir='ltr'>coniugem“</span> <span class='ocrx_word' id='word_1_166' title='bbox 694 3522 796 3599; x_wconf 87' lang='lat' dir='ltr'>iuquit</span> <span class='ocrx_word' id='word_1_167' title='bbox 810 3518 929 3595; x_wconf 86' lang='lat' dir='ltr'>‚‚extuli</span> <span class='ocrx_word' id='word_1_168' title='bbox 944 3526 1093 3579; x_wconf 88' lang='lat' dir='ltr'>ettamen</span> <span class='ocrx_word' id='word_1_169' title='bbox 1108 3521 1195 3598; x_wconf 85' lang='lat' dir='ltr'>vivo,</span> 
     </span>
     <span class='ocr_line' id='line_1_36' title="bbox 414 3601 1164 3685; baseline 0.003 -23"><span class='ocrx_word' id='word_1_170' title='bbox 414 3603 540 3685; x_wconf 83' lang='lat' dir='ltr'>Notam,</span> <span class='ocrx_word' id='word_1_171' title='bbox 562 3606 743 3684; x_wconf 83' lang='lat' dir='ltr'>superbam,</span> <span class='ocrx_word' id='word_1_172' title='bbox 765 3602 920 3682; x_wconf 85' lang='lat' dir='ltr'>nobilem,</span> <span class='ocrx_word' id='word_1_173' title='bbox 941 3601 1164 3684; x_wconf 84' lang='lat' dir='ltr'>locupletem.“</span> 
     </span>
    </p>
   </div>
   <div class='ocr_carea' id='block_1_9' title="bbox 0 0 1729 4575">
    <p class='ocr_par' dir='ltr' id='par_1_18' title="bbox 0 0 1729 4575">
     <span class='ocr_line' id='line_1_37' title="bbox 0 0 1729 4575; baseline 0 0"><span class='ocrx_word' id='word_1_174' title='bbox 0 0 1729 4575; x_wconf 95' lang='lat' dir='ltr'> </span> 
     </span>
    </p>
   </div>
  </div>
 </body>
</html>
