<?xml version="1.0" encoding="UTF-8"?>
<!DOCTYPE html PUBLIC "-//W3C//DTD XHTML 1.0 Transitional//EN"
    "http://www.w3.org/TR/xhtml1/DTD/xhtml1-transitional.dtd">
<html xmlns="http://www.w3.org/1999/xhtml" xml:lang="en" lang="en">
 <head>
  <title>
</title>
<meta http-equiv="Content-Type" content="text/html;charset=utf-8" />
  <meta name='ocr-system' content='tesseract 3.04.00' />
  <meta name='ocr-capabilities' content='ocr_page ocr_carea ocr_par ocr_line ocrx_word'/>
</head>
<body>
  <div class='ocr_page' id='page_1' title='image "./satirarumlibriq00juvegoog_0489.png"; bbox 0 0 3434 4575; ppageno 0'>
   <div class='ocr_carea' id='block_1_1' title="bbox 586 450 1092 515">
    <p class='ocr_par' dir='ltr' id='par_1_1' title="bbox 586 450 1092 515">
     <span class='ocr_line' id='line_1_1' title="bbox 586 450 1092 515; baseline 0.004 -3"><span class='ocrx_word' id='word_1_1' title='bbox 586 450 926 514; x_wconf 81' lang='lat' dir='ltr'><strong>EPIGRAMMATON</strong></span> <span class='ocrx_word' id='word_1_2' title='bbox 939 451 1012 515; x_wconf 86' lang='lat' dir='ltr'>LlB.</span> <span class='ocrx_word' id='word_1_3' title='bbox 1027 452 1092 515; x_wconf 86' lang='lat' dir='ltr'>Xll.</span> 
     </span>
    </p>
   </div>
   <div class='ocr_carea' id='block_1_2' title="bbox 361 602 1057 2526">
    <p class='ocr_par' dir='ltr' id='par_1_2' title="bbox 361 602 1057 2526">
     <span class='ocr_line' id='line_1_2' title="bbox 406 602 950 685; baseline -0.009 -17"><span class='ocrx_word' id='word_1_4' title='bbox 406 608 486 668; x_wconf 82' lang='lat' dir='ltr'>llum</span> <span class='ocrx_word' id='word_1_5' title='bbox 500 622 558 683; x_wconf 89' lang='lat' dir='ltr'>per</span> <span class='ocrx_word' id='word_1_6' title='bbox 573 602 679 663; x_wconf 90' lang='lat' dir='ltr'>limina</span> <span class='ocrx_word' id='word_1_7' title='bbox 693 610 726 663; x_wconf 88' lang='lat' dir='ltr'>te</span> <span class='ocrx_word' id='word_1_8' title='bbox 741 606 950 685; x_wconf 85' lang='lat' dir='ltr'>potentiorum</span> 
     </span>
     <span class='ocr_line' id='line_1_3' title="bbox 385 687 1004 766; baseline -0.005 -15"><span class='ocrx_word' id='word_1_9' title='bbox 385 688 555 752; x_wconf 71' lang='lat' dir='ltr'>tsudatrix</span> <span class='ocrx_word' id='word_1_10' title='bbox 569 692 641 765; x_wconf 86' lang='lat' dir='ltr'>toga</span> <span class='ocrx_word' id='word_1_11' title='bbox 653 687 784 748; x_wconf 79' lang='lat' dir='ltr'>ventilat</span> <span class='ocrx_word' id='word_1_12' title='bbox 796 706 965 766; x_wconf 81' lang='lat' dir='ltr'>vagumque</span> <span class='ocrx_word' id='word_1_13' title='bbox 1002 755 1004 763; x_wconf 16' lang='lat' dir='ltr'>p</span> 
     </span>
     <span class='ocr_line' id='line_1_4' title="bbox 406 769 973 850; baseline -0.002 -18"><span class='ocrx_word' id='word_1_14' title='bbox 406 773 508 833; x_wconf 87' lang='lat' dir='ltr'>Maior</span> <span class='ocrx_word' id='word_1_15' title='bbox 529 769 653 831; x_wconf 76' lang='lat' dir='ltr'>(laelius</span> <span class='ocrx_word' id='word_1_16' title='bbox 668 777 701 830; x_wconf 89' lang='lat' dir='ltr'>et</span> <span class='ocrx_word' id='word_1_17' title='bbox 713 773 814 831; x_wconf 88' lang='lat' dir='ltr'>minor</span> <span class='ocrx_word' id='word_1_18' title='bbox 827 772 973 850; x_wconf 78' lang='lat' dir='ltr'>fatigant:</span> 
     </span>
     <span class='ocr_line' id='line_1_5' title="bbox 407 851 1026 935; baseline -0.002 -19"><span class='ocrx_word' id='word_1_19' title='bbox 407 857 461 916; x_wconf 88' lang='lat' dir='ltr'>Me</span> <span class='ocrx_word' id='word_1_20' title='bbox 476 851 589 914; x_wconf 78' lang='lat' dir='ltr'>multoe</span> <span class='ocrx_word' id='word_1_21' title='bbox 603 856 739 934; x_wconf 82' lang='lat' dir='ltr'>repetita</span> <span class='ocrx_word' id='word_1_22' title='bbox 751 862 824 935; x_wconf 76' lang='lat' dir='ltr'>pont</span> <span class='ocrx_word' id='word_1_23' title='bbox 836 856 1026 915; x_wconf 66' lang='lat' dir='ltr'>Decembres</span> 
     </span>
     <span class='ocr_line' id='line_1_6' title="bbox 405 939 934 1018; baseline -0.002 -19"><span class='ocrx_word' id='word_1_24' title='bbox 405 940 536 1017; x_wconf 83' lang='lat' dir='ltr'><strong>Accepit</strong></span> <span class='ocrx_word' id='word_1_25' title='bbox 549 957 617 998; x_wconf 92' lang='lat' dir='ltr'>mea</span> <span class='ocrx_word' id='word_1_26' title='bbox 632 939 841 1018; x_wconf 75' lang='lat' dir='ltr'>rusticumque</span> <span class='ocrx_word' id='word_1_27' title='bbox 856 939 934 999; x_wconf 85' lang='lat' dir='ltr'>fecit</span> 
     </span>
     <span class='ocr_line' id='line_1_7' title="bbox 405 1020 933 1103; baseline 0.002 -21"><span class='ocrx_word' id='word_1_28' title='bbox 405 1025 489 1082; x_wconf 84' lang='lat' dir='ltr'>Auro</span> <span class='ocrx_word' id='word_1_29' title='bbox 505 1020 627 1082; x_wconf 83' lang='lat' dir='ltr'>Bilbilis</span> <span class='ocrx_word' id='word_1_30' title='bbox 643 1027 675 1082; x_wconf 87' lang='lat' dir='ltr'>et</span> <span class='ocrx_word' id='word_1_31' title='bbox 689 1024 822 1103; x_wconf 80' lang='lat' dir='ltr'>superba</span> <span class='ocrx_word' id='word_1_32' title='bbox 835 1023 933 1083; x_wconf 84' lang='lat' dir='ltr'>ferro.</span> 
     </span>
     <span class='ocr_line' id='line_1_8' title="bbox 364 1103 921 1186; baseline -0.007 -17"><span class='ocrx_word' id='word_1_33' title='bbox 364 1106 462 1169; x_wconf 83' lang='lat' dir='ltr'>lollio</span> <span class='ocrx_word' id='word_1_34' title='bbox 477 1106 559 1186; x_wconf 84' lang='lat' dir='ltr'>pigri</span> <span class='ocrx_word' id='word_1_35' title='bbox 572 1104 701 1166; x_wconf 75' lang='lat' dir='ltr'>colimur</span> <span class='ocrx_word' id='word_1_36' title='bbox 713 1104 821 1167; x_wconf 86' lang='lat' dir='ltr'>labore</span> <span class='ocrx_word' id='word_1_37' title='bbox 836 1103 921 1166; x_wconf 88' lang='lat' dir='ltr'>dulci</span> 
     </span>
     <span class='ocr_line' id='line_1_9' title="bbox 406 1189 997 1269; baseline -0.002 -20"><span class='ocrx_word' id='word_1_38' title='bbox 406 1189 576 1250; x_wconf 82' lang='lat' dir='ltr'>Boterdum</span> <span class='ocrx_word' id='word_1_39' title='bbox 591 1189 807 1269; x_wconf 78' lang='lat' dir='ltr'>Plateamque3</span> <span class='ocrx_word' id='word_1_40' title='bbox 827 1189 997 1251; x_wconf 78' lang='lat' dir='ltr'>celtiberia</span> 
     </span>
     <span class='ocr_line' id='line_1_10' title="bbox 405 1273 1002 1334; baseline -0.002 0"><span class='ocrx_word' id='word_1_41' title='bbox 405 1275 492 1334; x_wconf 88' lang='lat' dir='ltr'>Haec</span> <span class='ocrx_word' id='word_1_42' title='bbox 508 1280 579 1333; x_wconf 78' lang='lat' dir='ltr'>suut</span> <span class='ocrx_word' id='word_1_43' title='bbox 593 1275 717 1333; x_wconf 90' lang='lat' dir='ltr'>nomina</span> <span class='ocrx_word' id='word_1_44' title='bbox 732 1273 884 1334; x_wconf 77' lang='lat' dir='ltr'>cnaaiora</span> <span class='ocrx_word' id='word_1_45' title='bbox 899 1274 1002 1333; x_wconf 80' lang='lat' dir='ltr'>terrie.</span> 
     </span>
     <span class='ocr_line' id='line_1_11' title="bbox 406 1356 986 1437; baseline -0.003 -19"><span class='ocrx_word' id='word_1_46' title='bbox 406 1358 527 1436; x_wconf 89' lang='lat' dir='ltr'>Ingenti</span> <span class='ocrx_word' id='word_1_47' title='bbox 542 1356 631 1417; x_wconf 87' lang='lat' dir='ltr'>fruor</span> <span class='ocrx_word' id='word_1_48' title='bbox 644 1357 848 1437; x_wconf 83' lang='lat' dir='ltr'>improboque</span> <span class='ocrx_word' id='word_1_49' title='bbox 863 1376 986 1434; x_wconf 77' lang='lat' dir='ltr'>temno,</span> 
     </span>
     <span class='ocr_line' id='line_1_12' title="bbox 406 1443 1031 1523; baseline -0.002 -23"><span class='ocrx_word' id='word_1_50' title='bbox 406 1443 503 1518; x_wconf 81' lang='lat' dir='ltr'>Quem</span> <span class='ocrx_word' id='word_1_51' title='bbox 519 1459 578 1501; x_wconf 89' lang='lat' dir='ltr'>nec</span> <span class='ocrx_word' id='word_1_52' title='bbox 592 1443 685 1501; x_wconf 88' lang='lat' dir='ltr'>tertia</span> <span class='ocrx_word' id='word_1_53' title='bbox 700 1459 793 1521; x_wconf 76' lang='lat' dir='ltr'>caepe</span> <span class='ocrx_word' id='word_1_54' title='bbox 808 1443 923 1523; x_wconf 82' lang='lat' dir='ltr'>rumpit</span> <span class='ocrx_word' id='word_1_55' title='bbox 938 1443 1031 1519; x_wconf 87' lang='lat' dir='ltr'>hora,</span> 
     </span>
     <span class='ocr_line' id='line_1_13' title="bbox 364 1522 1057 1605; baseline -0.004 -17"><span class='ocrx_word' id='word_1_56' title='bbox 364 1526 443 1589; x_wconf 73' lang='lat' dir='ltr'>lent</span> <span class='ocrx_word' id='word_1_57' title='bbox 457 1531 555 1585; x_wconf 88' lang='lat' dir='ltr'>totum</span> <span class='ocrx_word' id='word_1_58' title='bbox 570 1525 644 1584; x_wconf 88' lang='lat' dir='ltr'>mihi</span> <span class='ocrx_word' id='word_1_59' title='bbox 656 1544 737 1584; x_wconf 88' lang='lat' dir='ltr'>nuuc</span> <span class='ocrx_word' id='word_1_60' title='bbox 752 1543 886 1605; x_wconf 80' lang='lat' dir='ltr'>repono,</span> <span class='ocrx_word' id='word_1_61' title='bbox 909 1522 1057 1604; x_wconf 88' lang='lat' dir='ltr'>quidquid</span> 
     </span>
     <span class='ocr_line' id='line_1_14' title="bbox 402 1606 976 1688; baseline 0 -19"><span class='ocrx_word' id='word_1_62' title='bbox 402 1606 468 1669; x_wconf 74' lang='lat' dir='ltr'>’l&#39;er</span> <span class='ocrx_word' id='word_1_63' title='bbox 484 1607 580 1669; x_wconf 74' lang='lat' dir='ltr'>deuon</span> <span class='ocrx_word' id='word_1_64' title='bbox 593 1606 786 1687; x_wconf 65' lang='lat' dir='ltr'>vigilaveram</span> <span class='ocrx_word' id='word_1_65' title='bbox 800 1627 858 1688; x_wconf 88' lang='lat' dir='ltr'>per</span> <span class='ocrx_word' id='word_1_66' title='bbox 873 1627 976 1669; x_wconf 74' lang='lat' dir='ltr'>annor.</span> 
     </span>
     <span class='ocr_line' id='line_1_15' title="bbox 403 1690 991 1771; baseline -0.003 -17"><span class='ocrx_word' id='word_1_67' title='bbox 403 1693 508 1771; x_wconf 88' lang='lat' dir='ltr'>Ignota</span> <span class='ocrx_word' id='word_1_68' title='bbox 524 1699 572 1751; x_wconf 84' lang='lat' dir='ltr'>est</span> <span class='ocrx_word' id='word_1_69' title='bbox 587 1698 673 1771; x_wconf 88' lang='lat' dir='ltr'>toga,</span> <span class='ocrx_word' id='word_1_70' title='bbox 695 1690 752 1752; x_wconf 80' lang='lat' dir='ltr'>red</span> <span class='ocrx_word' id='word_1_71' title='bbox 767 1690 857 1752; x_wconf 89' lang='lat' dir='ltr'>datur</span> <span class='ocrx_word' id='word_1_72' title='bbox 870 1691 991 1771; x_wconf 89' lang='lat' dir='ltr'>petenti</span> 
     </span>
     <span class='ocr_line' id='line_1_16' title="bbox 406 1774 972 1856; baseline 0.004 -21"><span class='ocrx_word' id='word_1_73' title='bbox 406 1776 507 1856; x_wconf 83' lang='lat' dir='ltr'>Rupta</span> <span class='ocrx_word' id='word_1_74' title='bbox 520 1777 658 1856; x_wconf 82' lang='lat' dir='ltr'>proxima</span> <span class='ocrx_word' id='word_1_75' title='bbox 672 1777 767 1836; x_wconf 78' lang='lat' dir='ltr'>reatin</span> <span class='ocrx_word' id='word_1_76' title='bbox 783 1796 800 1835; x_wconf 92' lang='lat' dir='ltr'>a</span> <span class='ocrx_word' id='word_1_77' title='bbox 816 1774 972 1837; x_wconf 83' lang='lat' dir='ltr'>cathedre.</span> 
     </span>
     <span class='ocr_line' id='line_1_17' title="bbox 407 1859 972 1940; baseline -0.002 -21"><span class='ocrx_word' id='word_1_78' title='bbox 407 1859 590 1938; x_wconf 74' lang='lat' dir='ltr'>Surgentem</span> <span class='ocrx_word' id='word_1_79' title='bbox 605 1860 693 1920; x_wconf 82' lang='lat' dir='ltr'>focus</span> <span class='ocrx_word' id='word_1_80' title='bbox 708 1861 822 1939; x_wconf 83' lang='lat' dir='ltr'>excipit</span> <span class='ocrx_word' id='word_1_81' title='bbox 838 1862 972 1940; x_wconf 87' lang='lat' dir='ltr'>auperba</span> 
     </span>
     <span class='ocr_line' id='line_1_18' title="bbox 364 1942 854 2020; baseline -0.006 -14"><span class='ocrx_word' id='word_1_82' title='bbox 364 1944 508 2006; x_wconf 71' lang='lat' dir='ltr'>noviomi</span> <span class='ocrx_word' id='word_1_83' title='bbox 523 1950 607 2003; x_wconf 81' lang='lat' dir='ltr'>strue</span> <span class='ocrx_word' id='word_1_84' title='bbox 623 1943 724 2010; x_wconf 85' lang='lat' dir='ltr'>cultus</span> <span class='ocrx_word' id='word_1_85' title='bbox 738 1942 854 2020; x_wconf 88' lang='lat' dir='ltr'>iliceti,</span> 
     </span>
     <span class='ocr_line' id='line_1_19' title="bbox 404 2023 945 2106; baseline 0 -19"><span class='ocrx_word' id='word_1_86' title='bbox 404 2026 505 2087; x_wconf 89' lang='lat' dir='ltr'>Multa</span> <span class='ocrx_word' id='word_1_87' title='bbox 521 2024 610 2087; x_wconf 76' lang='lat' dir='ltr'>vilica</span> <span class='ocrx_word' id='word_1_88' title='bbox 626 2046 716 2106; x_wconf 87' lang='lat' dir='ltr'>quem</span> <span class='ocrx_word' id='word_1_89' title='bbox 731 2033 859 2088; x_wconf 88' lang='lat' dir='ltr'>coronat</span> <span class='ocrx_word' id='word_1_90' title='bbox 874 2023 945 2087; x_wconf 91' lang='lat' dir='ltr'>olla.</span> 
     </span>
     <span class='ocr_line' id='line_1_20' title="bbox 404 2109 1017 2191; baseline -0.005 -17"><span class='ocrx_word' id='word_1_91' title='bbox 404 2112 543 2174; x_wconf 81' lang='lat' dir='ltr'>Venator</span> <span class='ocrx_word' id='word_1_92' title='bbox 557 2115 715 2191; x_wconf 81' lang='lat' dir='ltr'>nequitur,</span> <span class='ocrx_word' id='word_1_93' title='bbox 736 2110 793 2171; x_wconf 82' lang='lat' dir='ltr'>sed</span> <span class='ocrx_word' id='word_1_94' title='bbox 806 2109 861 2171; x_wconf 92' lang='lat' dir='ltr'>ille</span> <span class='ocrx_word' id='word_1_95' title='bbox 877 2129 967 2190; x_wconf 88' lang='lat' dir='ltr'>quem</span> <span class='ocrx_word' id='word_1_96' title='bbox 982 2117 1017 2171; x_wconf 90' lang='lat' dir='ltr'>tu</span> 
     </span>
     <span class='ocr_line' id='line_1_21' title="bbox 404 2193 882 2276; baseline 0.006 -21"><span class='ocrx_word' id='word_1_97' title='bbox 404 2194 532 2256; x_wconf 83' lang='lat' dir='ltr'>Secreta</span> <span class='ocrx_word' id='word_1_98' title='bbox 549 2197 652 2276; x_wconf 80' lang='lat' dir='ltr'>cupias</span> <span class='ocrx_word' id='word_1_99' title='bbox 665 2196 786 2257; x_wconf 81' lang='lat' dir='ltr'>hebere¹</span> <span class='ocrx_word' id='word_1_100' title='bbox 796 2193 882 2258; x_wconf 79' lang='lat' dir='ltr'>silve.</span> 
     </span>
     <span class='ocr_line' id='line_1_22' title="bbox 403 2277 977 2360; baseline 0 -21"><span class='ocrx_word' id='word_1_101' title='bbox 403 2279 568 2360; x_wconf 78' lang='lat' dir='ltr'>Dispensat</span> <span class='ocrx_word' id='word_1_102' title='bbox 581 2282 687 2360; x_wconf 84' lang='lat' dir='ltr'>pueris</span> <span class='ocrx_word' id='word_1_103' title='bbox 702 2286 852 2360; x_wconf 88' lang='lat' dir='ltr'>rogatque</span> <span class='ocrx_word' id='word_1_104' title='bbox 867 2277 977 2360; x_wconf 77' lang='lat' dir='ltr'>longor</span> 
     </span>
     <span class='ocr_line' id='line_1_23' title="bbox 361 2362 907 2443; baseline 0.004 -21"><span class='ocrx_word' id='word_1_105' title='bbox 361 2364 494 2422; x_wconf 77' lang='lat' dir='ltr'>25Leris</span> <span class='ocrx_word' id='word_1_106' title='bbox 509 2381 629 2440; x_wconf 87' lang='lat' dir='ltr'>ponere</span> <span class='ocrx_word' id='word_1_107' title='bbox 643 2362 752 2424; x_wconf 82' lang='lat' dir='ltr'>vilicus</span> <span class='ocrx_word' id='word_1_108' title='bbox 769 2362 907 2443; x_wconf 86' lang='lat' dir='ltr'>capillos.</span> 
     </span>
     <span class='ocr_line' id='line_1_24' title="bbox 407 2445 949 2526; baseline 0.009 -24"><span class='ocrx_word' id='word_1_109' title='bbox 407 2445 458 2503; x_wconf 91' lang='lat' dir='ltr'>Sic</span> <span class='ocrx_word' id='word_1_110' title='bbox 472 2462 521 2502; x_wconf 90' lang='lat' dir='ltr'>me</span> <span class='ocrx_word' id='word_1_111' title='bbox 537 2445 658 2522; x_wconf 78' lang='lat' dir='ltr'>virere,</span> <span class='ocrx_word' id='word_1_112' title='bbox 680 2447 725 2504; x_wconf 84' lang='lat' dir='ltr'>aie</span> <span class='ocrx_word' id='word_1_113' title='bbox 738 2448 820 2505; x_wconf 76' lang='lat' dir='ltr'>iuvat</span> <span class='ocrx_word' id='word_1_114' title='bbox 834 2450 949 2526; x_wconf 88' lang='lat' dir='ltr'>perire.</span> 
     </span>
    </p>
   </div>
   <div class='ocr_carea' id='block_1_3' title="bbox 803 2574 919 2637">
    <p class='ocr_par' dir='ltr' id='par_1_3' title="bbox 803 2574 919 2637">
     <span class='ocr_line' id='line_1_25' title="bbox 803 2574 919 2637; baseline 0 0"><span class='ocrx_word' id='word_1_115' title='bbox 803 2574 883 2637; x_wconf 83' lang='lat' dir='ltr'>lilii.</span> <span class='ocrx_word' id='word_1_116' title='bbox 916 2604 919 2611; x_wconf 58' lang='lat'><strong><em>¹</em></strong></span> 
     </span>
    </p>
   </div>
   <div class='ocr_carea' id='block_1_4' title="bbox 404 2686 1135 2853">
    <p class='ocr_par' dir='ltr' id='par_1_4' title="bbox 404 2686 1135 2853">
     <span class='ocr_line' id='line_1_26' title="bbox 404 2686 1135 2769; baseline 0 -19"><span class='ocrx_word' id='word_1_117' title='bbox 404 2690 437 2750; x_wconf 92' lang='lat' dir='ltr'>ln</span> <span class='ocrx_word' id='word_1_118' title='bbox 454 2690 584 2751; x_wconf 75' lang='lat' dir='ltr'>thermis</span> <span class='ocrx_word' id='word_1_119' title='bbox 599 2691 690 2750; x_wconf 82' lang='lat' dir='ltr'>sumit</span> <span class='ocrx_word' id='word_1_120' title='bbox 704 2688 854 2769; x_wconf 84' lang='lat' dir='ltr'>lactucas,</span> <span class='ocrx_word' id='word_1_121' title='bbox 874 2709 945 2768; x_wconf 84' lang='lat' dir='ltr'>ova,</span> <span class='ocrx_word' id='word_1_122' title='bbox 966 2686 1135 2768; x_wconf 86' lang='lat' dir='ltr'>lacertum,</span> 
     </span>
     <span class='ocr_line' id='line_1_27' title="bbox 445 2771 1043 2853; baseline -0.002 -17"><span class='ocrx_word' id='word_1_123' title='bbox 445 2775 487 2836; x_wconf 73' lang='lat' dir='ltr'>lit</span> <span class='ocrx_word' id='word_1_124' title='bbox 500 2793 612 2834; x_wconf 85' lang='lat' dir='ltr'>cenare</span> <span class='ocrx_word' id='word_1_125' title='bbox 632 2773 714 2835; x_wconf 89' lang='lat' dir='ltr'>domi</span> <span class='ocrx_word' id='word_1_126' title='bbox 729 2792 763 2834; x_wconf 83' lang='lat' dir='ltr'>se</span> <span class='ocrx_word' id='word_1_127' title='bbox 777 2780 870 2853; x_wconf 90' lang='lat' dir='ltr'>negat</span> <span class='ocrx_word' id='word_1_128' title='bbox 883 2771 1043 2835; x_wconf 79' lang='lat' dir='ltr'>Aemilius.</span> 
     </span>
    </p>
   </div>
   <div class='ocr_carea' id='block_1_5' title="bbox 807 2907 873 2968">
    <p class='ocr_par' dir='ltr' id='par_1_5' title="bbox 807 2907 873 2968">
     <span class='ocr_line' id='line_1_28' title="bbox 807 2907 873 2968; baseline -0.076 1"><span class='ocrx_word' id='word_1_129' title='bbox 807 2907 873 2968; x_wconf 81' lang='lat' dir='ltr'>XX.</span> 
     </span>
    </p>
   </div>
   <div class='ocr_carea' id='block_1_6' title="bbox 403 3019 1041 3168">
    <p class='ocr_par' dir='ltr' id='par_1_6' title="bbox 403 3019 1041 3168">
     <span class='ocr_line' id='line_1_29' title="bbox 405 3019 1041 3099; baseline 0.002 -20"><span class='ocrx_word' id='word_1_130' title='bbox 405 3021 507 3096; x_wconf 77' lang='lat' dir='ltr'>Quare</span> <span class='ocrx_word' id='word_1_131' title='bbox 521 3038 584 3079; x_wconf 89' lang='lat' dir='ltr'>non</span> <span class='ocrx_word' id='word_1_132' title='bbox 598 3019 726 3099; x_wconf 81' lang='lat' dir='ltr'>hebeat,</span> <span class='ocrx_word' id='word_1_133' title='bbox 748 3019 894 3097; x_wconf 83' lang='lat' dir='ltr'>Fabulle,</span> <span class='ocrx_word' id='word_1_134' title='bbox 918 3019 1041 3098; x_wconf 72' lang='lat' dir='ltr'>quaerit</span> 
     </span>
     <span class='ocr_line' id='line_1_30' title="bbox 403 3103 1030 3168; baseline -0.006 0"><span class='ocrx_word' id='word_1_135' title='bbox 403 3107 538 3168; x_wconf 80' lang='lat' dir='ltr'>Uxorem</span> <span class='ocrx_word' id='word_1_136' title='bbox 555 3103 748 3164; x_wconf 73' lang='lat' dir='ltr'>Themisoni</span> <span class='ocrx_word' id='word_1_137' title='bbox 770 3104 866 3164; x_wconf 86' lang='lat' dir='ltr'>habet</span> <span class='ocrx_word' id='word_1_138' title='bbox 880 3123 1030 3165; x_wconf 75' lang='lat' dir='ltr'>sororem.</span> 
     </span>
    </p>
   </div>
   <div class='ocr_carea' id='block_1_7' title="bbox 799 3230 871 3299">
    <p class='ocr_par' dir='ltr' id='par_1_7' title="bbox 799 3230 871 3299">
     <span class='ocr_line' id='line_1_31' title="bbox 799 3230 871 3299; baseline 0 0"><span class='ocrx_word' id='word_1_139' title='bbox 799 3230 871 3299; x_wconf 81' lang='lat' dir='ltr'>XXI</span> 
     </span>
    </p>
   </div>
   <div class='ocr_carea' id='block_1_8' title="bbox 403 3345 1182 3513">
    <p class='ocr_par' dir='ltr' id='par_1_8' title="bbox 403 3345 1182 3513">
     <span class='ocr_line' id='line_1_32' title="bbox 403 3345 1182 3429; baseline 0 -19"><span class='ocrx_word' id='word_1_140' title='bbox 403 3350 594 3429; x_wconf 84' lang='lat' dir='ltr'>Municipem</span> <span class='ocrx_word' id='word_1_141' title='bbox 609 3348 701 3429; x_wconf 80' lang='lat' dir='ltr'>rigidi</span> <span class='ocrx_word' id='word_1_142' title='bbox 717 3350 785 3429; x_wconf 85' lang='lat' dir='ltr'>quia</span> <span class='ocrx_word' id='word_1_143' title='bbox 798 3354 848 3428; x_wconf 87' lang='lat' dir='ltr'>te,</span> <span class='ocrx_word' id='word_1_144' title='bbox 870 3345 1038 3427; x_wconf 87' lang='lat' dir='ltr'>Marcella,</span> <span class='ocrx_word' id='word_1_145' title='bbox 1060 3346 1182 3410; x_wconf 72' lang='lat' dir='ltr'>Salonio</span> 
     </span>
     <span class='ocr_line' id='line_1_33' title="bbox 444 3429 1148 3513; baseline -0.003 -19"><span class='ocrx_word' id='word_1_146' title='bbox 444 3433 486 3494; x_wconf 81' lang='lat' dir='ltr'>Et</span> <span class='ocrx_word' id='word_1_147' title='bbox 500 3434 633 3511; x_wconf 86' lang='lat' dir='ltr'>genitam</span> <span class='ocrx_word' id='word_1_148' title='bbox 647 3435 762 3493; x_wconf 78' lang='lat' dir='ltr'>nostris</span> <span class='ocrx_word' id='word_1_149' title='bbox 778 3434 846 3512; x_wconf 81' lang='lat' dir='ltr'>quia</span> <span class='ocrx_word' id='word_1_150' title='bbox 860 3437 951 3513; x_wconf 89' lang='lat' dir='ltr'>putet</span> <span class='ocrx_word' id='word_1_151' title='bbox 963 3450 1032 3491; x_wconf 80' lang='lat' dir='ltr'>esse</span> <span class='ocrx_word' id='word_1_152' title='bbox 1046 3429 1148 3493; x_wconf 70' lang='lat' dir='ltr'>locist</span> 
     </span>
    </p>
   </div>
   <div class='ocr_carea' id='block_1_9' title="bbox 385 3513 1204 3760">
    <p class='ocr_par' dir='ltr' id='par_1_9' title="bbox 385 3513 1204 3760">
     <span class='ocr_line' id='line_1_34' title="bbox 405 3513 1204 3597; baseline 0.001 -22"><span class='ocrx_word' id='word_1_153' title='bbox 405 3516 482 3576; x_wconf 78' lang='lat' dir='ltr'>&#39;l&#39;am</span> <span class='ocrx_word' id='word_1_154' title='bbox 497 3536 617 3595; x_wconf 88' lang='lat' dir='ltr'>rarum,</span> <span class='ocrx_word' id='word_1_155' title='bbox 640 3516 707 3577; x_wconf 82' lang='lat' dir='ltr'>dum</span> <span class='ocrx_word' id='word_1_156' title='bbox 723 3515 813 3578; x_wconf 87' lang='lat' dir='ltr'>dulce</span> <span class='ocrx_word' id='word_1_157' title='bbox 828 3515 927 3597; x_wconf 79' lang='lat' dir='ltr'>napis3</span> <span class='ocrx_word' id='word_1_158' title='bbox 949 3513 1067 3575; x_wconf 85' lang='lat' dir='ltr'>Palatia</span> <span class='ocrx_word' id='word_1_159' title='bbox 1082 3515 1204 3594; x_wconf 87' lang='lat' dir='ltr'>dicent,</span> 
     </span>
     <span class='ocr_line' id='line_1_35' title="bbox 450 3598 1099 3679; baseline 0.002 -20"><span class='ocrx_word' id='word_1_160' title='bbox 450 3598 616 3662; x_wconf 87' lang='lat' dir='ltr'>Audierint</span> <span class='ocrx_word' id='word_1_161' title='bbox 629 3603 656 3660; x_wconf 82' lang='lat' dir='ltr'>ai</span> <span class='ocrx_word' id='word_1_162' title='bbox 671 3608 704 3661; x_wconf 85' lang='lat' dir='ltr'>te</span> <span class='ocrx_word' id='word_1_163' title='bbox 720 3598 771 3661; x_wconf 84' lang='lat' dir='ltr'>vel</span> <span class='ocrx_word' id='word_1_164' title='bbox 783 3599 898 3679; x_wconf 77' lang='lat' dir='ltr'>semel,</span> <span class='ocrx_word' id='word_1_165' title='bbox 920 3618 989 3660; x_wconf 76' lang='lat' dir='ltr'>eane</span> <span class='ocrx_word' id='word_1_166' title='bbox 1007 3619 1099 3660; x_wconf 81' lang='lat' dir='ltr'>cuam.</span> 
     </span>
     <span class='ocr_line' id='line_1_36' title="bbox 385 3681 1119 3760; baseline -0.007 -11"><span class='ocrx_word' id='word_1_167' title='bbox 385 3683 500 3749; x_wconf 81' lang='lat' dir='ltr'>5Nulla</span> <span class='ocrx_word' id='word_1_168' title='bbox 515 3703 574 3744; x_wconf 88' lang='lat' dir='ltr'>nec</span> <span class='ocrx_word' id='word_1_169' title='bbox 587 3686 620 3744; x_wconf 90' lang='lat' dir='ltr'>in</span> <span class='ocrx_word' id='word_1_170' title='bbox 633 3683 734 3745; x_wconf 89' lang='lat' dir='ltr'>media</span> <span class='ocrx_word' id='word_1_171' title='bbox 750 3683 884 3746; x_wconf 82' lang='lat' dir='ltr'>certabit</span> <span class='ocrx_word' id='word_1_172' title='bbox 898 3689 968 3744; x_wconf 88' lang='lat' dir='ltr'>nata</span> <span class='ocrx_word' id='word_1_173' title='bbox 983 3681 1119 3760; x_wconf 78' lang='lat' dir='ltr'>Subura,</span> 
     </span>
    </p>
   </div>
   <div class='ocr_carea' id='block_1_10' title="bbox 0 0 1722 4575">
    <p class='ocr_par' dir='ltr' id='par_1_10' title="bbox 0 0 1722 4575">
     <span class='ocr_line' id='line_1_37' title="bbox 0 0 1722 4575; baseline 0 0"><span class='ocrx_word' id='word_1_174' title='bbox 0 0 1722 4575; x_wconf 95' lang='lat' dir='ltr'> </span> 
     </span>
    </p>
   </div>
  </div>
 </body>
</html>
