3434 4575
352 357 415 423 14⁴
675 355 719 417 M.
734 354 827 418 VAL.
844 352 1071 416 nonnullus

826 557 920 617 LXX.

435 674 646 752 Sexagesima,
668 673 845 750 Marciana,
864 673 974 732 messis

435 760 513 819 Acta
527 763 640 833 estet,
660 766 754 836 puto,
775 759 835 817 iam
849 755 985 816 secunda
1000 756 1131 836 Cottae,

435 843 501 903 Nec
516 859 550 900 se
567 839 670 901 taedia
682 839 791 901 lectuli
807 839 936 900 calentis

434 927 603 1006 Expertum
619 926 758 984 meminit
772 922 823 983 die
839 922 889 983 vel
903 942 973 983 nno.

412 1008 582 1073 50stendit
597 1008 741 1086 digitum,
763 1007 819 1067 sed
833 1007 1037 1087 impudicum,

435 1092 561 1154 Alconti
578 1092 732 1169 Dasioque
744 1092 997 1170 symmachoque.

436 1179 478 1237 At
491 1178 590 1237 nostri
604 1178 685 1236 benc
701 1182 918 1255 computentur
933 1177 1005 1234 anui

436 1263 478 1322 Et
494 1267 638 1339 quantum
656 1261 786 1320 tetricae
801 1259 904 1319 tulere
922 1260 1046 1335 febres,

435 1346 498 1405 Aut
511 1342 641 1420 languor
655 1345 772 1421 gravis,
793 1342 931 1403 animali
947 1341 1089 1421 dolores,

395 1429 463 1491 1οΛ
478 1429 540 1487 vita
554 1425 684 1486 meliore
699 1434 899 1506 reparentur:

435 1512 573 1572 Infantes
588 1529 707 1587 sumus,
728 1517 761 1570 et
774 1530 866 1572 senes
881 1510 1031 1573 videmur.

435 1597 578 1656 Aetatem
592 1594 768 1674 Priamique
783 1596 988 1674 Nestorisque

434 1679 569 1756 Longam
588 1679 639 1757 qui
653 1686 742 1760 putat
756 1698 842 1758 esre,
862 1680 1039 1757 Marcione,

435 1763 568 1824 Multum
582 1763 799 1843 decipiturque
811 1761 1003 1842 falliturque.
1147 1760 1151 1765 ’

394 1848 500 1910 15Νοιι
516 1853 566 1906 est
578 1848 699 1926 vivere,
721 1846 778 1908 sed
792 1845 897 1907 valere
911 1850 972 1908 vita
987 1853 1044 1907 est.

820 1981 926 2041 LXXI.

435 2089 540 2152 Edere
555 2092 685 2154 lascivos
701 2093 740 2154 ad
752 2095 878 2154 Baetica
896 2100 1047 2154 crusmata
1059 2098 1165 2172 gestus

476 2175 518 2235 Et
536 2175 696 2237 Gaditanis
710 2177 820 2237 ludere
835 2177 926 2237 docta
938 2177 1052 2255 modis,

436 2257 584 2320 Tendere
599 2278 676 2341 quae
692 2261 856 2322 tremulum
871 2261 978 2323 Pelian
996 2263 1208 2341 Hecubaeque
1224 2262 1338 2325 marito

476 2342 587 2405 Posset
602 2345 641 2406 ad
654 2346 830 2406 Hectoreos
845 2344 1017 2406 sollicitare
1031 2365 1142 2425 rogos,

392 2423 489 2487 bUrit
503 2435 535 2487 et
550 2431 707 2490 excruciat
723 2429 876 2489 dominum
895 2428 1065 2489 Telethusa
1078 2431 1235 2510 priorem:

478 2510 630 2574 Vendidit
645 2513 802 2591 ancillam,
822 2534 904 2573 nnnc
919 2512 1045 2573 redimit
1064 2513 1226 2576 dominum.

810 2648 930 2709 LXXII.

433 2759 498 2819 Fur
512 2768 603 2822 notae
616 2764 742 2823 nimium
759 2763 935 2842 rapacitatis

436 2843 609 2922 compilare
623 2846 702 2906 cilix
715 2845 839 2906 volebat
852 2847 992 2921 liortum,

436 2926 558 3005 lugenti
573 2928 631 2988 sed
646 2939 730 3007 erat,
749 2928 896 3007 Fabulle,
917 2930 950 2989 in
965 2930 1058 2988 horto

436 3010 569 3071 Praeter
587 3032 790 3073 marmoreum
804 3013 882 3073 nibil
897 3014 1050 3092 Priapum.

412 3094 515 3156 illum
528 3114 591 3155 non
605 3093 671 3157 volt
685 3117 778 3157 vacua
792 3116 883 3156 mann
898 3096 1020 3175 redire,

433 3178 534 3258 lpsum
549 3182 698 3261 surripuit
712 3180 793 3241 Cilix
806 3181 959 3260 Priapum.

810 3313 943 3375 Lxxffl.

433 3423 501 3483 Non
516 3424 601 3486 rudis
616 3424 740 3487 iudocta
754 3428 831 3487 iecit
844 3446 894 3487 me
908 3425 989 3487 falce
1004 3425 1148 3488 colonus:

475 3508 705 3589 Dispensatoris
719 3510 825 3572 nobile
842 3514 945 3572 cernis
961 3531 1046 3591 opus.

434 3588 509 3651 Nam
524 3594 690 3656 Caeretani
705 3594 807 3656 cultor
820 3598 997 3658 notiassimu
1013 3595 1078 3673 agri

262 3849 432 4163 Ἱ
