3434 4575
743 501 863 547 snulttn
885 501 923 549 11.

328 639 482 699 Auriculas
505 641 578 699 asini
605 641 667 717 quis
691 635 879 698 nonhabet?
903 638 961 697 hoc
983 654 1040 714 ego
1066 647 1209 716 opertum,

327 722 391 782 Hoc
413 724 510 782 ridere
533 741 645 797 meum,
669 731 726 782 tam
748 723 804 798 nil,
830 721 908 782 nulla
929 721 978 780 tibi
1003 721 1098 782 vendo

328 806 428 867 lliade.
465 806 578 867 Audaci
605 808 778 886 quicumque
809 805 908 866 aldate
933 803 1050 865 Cratino

327 890 433 950 lratum
453 889 627 968 Eupolidem
650 891 825 968 praegrandi
847 909 912 949 cum
935 907 1005 948 sene
1028 889 1132 968 palles,

328 975 439 1052 Aspice
465 983 495 1034 et
517 974 610 1050 baec,
634 976 658 1033 si
681 975 758 1034 forte
779 973 887 1052 aliquid
910 974 1059 1033 decoctius
1086 973 1176 1032 audis.
1266 985 1316 1039 125

327 1058 398 1119 lude
420 1066 561 1136 vaporata
584 1058 679 1118 lector
699 1059 767 1118 mibi
789 1058 902 1117 ferveat
926 1075 1011 1116 aure:

328 1142 393 1202 Nou
417 1143 481 1217 hic,
503 1145 551 1221 qui
576 1143 603 1200 in
627 1142 761 1220 crepidas
787 1141 937 1202 Graiorum
961 1141 1062 1201 ludere
1085 1143 1174 1219 gestit

329 1227 486 1302 Sordidus,
512 1234 541 1284 et
566 1227 648 1286 lusco
672 1227 720 1304 qui
742 1227 836 1304 possit
861 1227 961 1287 dicere
986 1227 1077 1301 lusce,

329 1312 404 1371 Sese
431 1311 557 1389 aliquem
583 1310 724 1385 credens,
751 1309 824 1370 ltalo
851 1310 928 1388 quod
950 1309 1063 1368 bonore
1087 1313 1204 1389 supinus

329 1394 464 1472 Fregerit
483 1395 612 1454 heminas
637 1394 734 1453 Arreti
757 1393 859 1454 aedilis
885 1394 1011 1470 iniquas;
1266 1403 1317 1457 130

328 1478 392 1538 Nec
415 1479 464 1557 qui
487 1478 579 1538 abaco
601 1496 738 1538 numeros
764 1488 793 1537 et
819 1487 904 1537 secto
928 1479 956 1536 in
981 1478 1103 1555 pulvere
1125 1487 1217 1538 metas

329 1564 392 1622 Scit
414 1563 515 1622 risisse
538 1564 637 1637 valer,
664 1563 782 1621 multum
804 1562 936 1638 gaudere
962 1572 1088 1640 paratus,

330 1648 361 1706 Si
385 1644 495 1721 Cynico
525 1647 643 1706 barbam
665 1646 798 1724 petulans
823 1647 942 1705 nonaria
969 1646 1069 1705 vellat.
1325 1660 1335 1681 ·

331 1730 380 1788 llis
403 1749 484 1789 mane
511 1732 651 1806 edictum,
680 1739 748 1808 post
769 1730 889 1807 prandia
914 1727 1061 1788 Calliroen
1082 1729 1128 1788 do.
1231 1674 1256 1847 g

720 1921 926 1930 -..----.

667 2058 979 2123 sucinum.
1242 2082 1245 2089 ι
1295 2081 1299 2088 ·

331 2185 438 2290 Hunc,
460 2214 603 2292 Macrine,
632 2216 706 2276 diem
732 2235 848 2276 numera
874 2215 995 2275 meliore
1019 2213 1129 2293 lapillo,

332 2302 389 2377 Qui
412 2299 463 2357 tibi
488 2300 621 2360 labentes
648 2304 766 2380 apponit
791 2302 928 2361 candidus
954 2316 1058 2367 annos;

331 2384 431 2446 Funde
457 2401 565 2442 merum
586 2386 684 2460 genio.
724 2385 790 2444 Non
814 2396 843 2444 tu
868 2402 959 2463 prece
982 2385 1081 2462 poscis
1108 2386 1209 2461 emaci,

332 2470 413 2543 Quae
436 2468 490 2525 nisi
513 2467 640 2527 seductis
663 2487 794 2548 nequeas
821 2470 1000 2528 committere
1026 2468 1112 2534 divis;

331 2554 370 2613 At
397 2552 472 2610 bona
497 2569 565 2629 pars
590 2570 745 2629 procerum
765 2556 852 2613 tacita
874 2552 976 2611 libabit
994 2569 1105 2611 acerra.
1297 2564 1314 2615 5

330 2636 411 2696 Haud
431 2635 520 2694 cuivis
539 2646 701 2714 promptum
720 2647 764 2695 est
781 2654 963 2714 murmurque
981 2634 1161 2713 humilesque
1181 2654 1314 2699 susurros

332 2720 453 2781 Tollere
479 2719 516 2778 de
540 2722 655 2797 templis
679 2729 707 2779 et
729 2730 832 2799 aperto
851 2722 953 2779 vivere
978 2728 1057 2778 voto.

332 2803 420 2865 tiens
436 2805 527 2878 bonu,
548 2804 646 2881 foma,
665 2804 753 2881 fides,
777 2805 852 2863 baec
874 2804 953 2863 clare
973 2812 1002 2861 et
1022 2812 1051 2862 ut
1074 2804 1168 2863 audiat
1188 2805 1312 2884 hospes;

331 2888 385 2949 llla
411 2887 464 2946 sibi
486 2890 640 2946 introrsum
666 2897 696 2947 et
721 2888 773 2947 sub
797 2888 894 2965 lingua
919 2896 1087 2946 murmurat:
1121 2885 1190 2946 Osi

333 2972 460 3032 Ebulliat
485 2982 621 3049 patruus,
648 2972 829 3050 praeclarum
850 2972 948 3031 sunus!
973 2981 1016 3030 et:
1050 2969 1119 3030 Osi
1283 2983 1315 3033 10

332 3055 392 3115 Sub
422 3064 515 3114 rastro
543 3065 644 3133 crepet
670 3058 782 3133 argenti
803 3057 870 3115 mihi
891 3057 966 3115 seria
992 3056 1095 3117 dextro

331 3138 472 3200 Hercule!
494 3139 674 3217 pupillumve
695 3142 816 3215 utinam,
841 3159 926 3219 quem
947 3142 1094 3218 proximus
1117 3139 1204 3198 heres

330 3222 473 3301 lmpello,
501 3225 679 3302 expungam!
705 3242 827 3302 namque
856 3234 902 3283 est
925 3224 1094 3299 scabiosus,
1118 3232 1147 3281 et
1169 3224 1228 3281 acri

331 3307 394 3366 Bile
417 3316 514 3366 tumet.
549 3305 638 3368 Nerio
661 3309 716 3368 iam
739 3310 823 3368 tertia
846 3309 977 3368 conditur
1000 3308 1088 3366 uxor!
1111 3341 1147 3350 -

332 3391 412 3450 llaec
433 3400 534 3450 sancte
558 3401 586 3449 ut
609 3409 733 3469 poscas,
757 3391 894 3451 Tiberino
920 3394 947 3451 in
969 3393 1083 3468 gurgite
1107 3392 1213 3466 mergis
1279 3399 1312 3451 15

331 3474 415 3534 blane
440 3484 526 3552 caput
549 3475 593 3533 bis
615 3484 718 3554 terque
741 3486 770 3536 et
794 3486 909 3536 noctem
932 3475 1046 3535 flumine
1074 3470 1200 3551 purgas?

331 3558 410 3617 Heus
429 3577 502 3636 age,
521 3560 722 3637 responde—-
737 3561 880 3619 minimum
901 3568 946 3619 est
965 3558 1042 3637 quod
1064 3559 1141 3616 scire
1160 3556 1312 3617 laboro-

330 3641 465 3702 Delove
488 3643 556 3721 quid
579 3642 688 3703 sentis?
712 3654 794 3704 estne
815 3653 846 3703 ut
868 3660 1051 3721 praeponere
1075 3659 1160 3701 cures

331 3724 413 3785 llunc
427 3760 471 3774 -
492 3725 626 3786 cuinam?
649 3724 780 3787 cuinam?
802 3729 845 3786 vis
868 3724 970 3787 Staio?
993 3744 1028 3785 an
1048 3726 1162 3786 scilicet
1183 3722 1311 3787 haeresi
