3434 4575
425 471 466 534 30
771 484 807 532 n.
831 484 903 532 rum.
926 485 1115 533 ruvuusurs

425 625 622 687 Ghironomon
644 624 750 685 hedam
770 623 850 685 molli
873 624 998 686 saltante
1020 625 1167 702 Bathyllo,

425 713 532 772 Tuccia
558 711 631 770 vesi.
699 727 756 770 nun
777 712 916 788 imperat:
940 709 1057 788 Appula
1078 715 1188 791 gannit,

424 798 506 856 Sicut
524 798 553 856 in
577 795 729 873 amplexu,
756 794 887 856 subidum
909 804 939 854 et
960 796 1141 865 miserabile:
1166 799 1285 876 longum

426 881 555 941 Attendit
579 879 737 955 Thymele;
761 879 903 954 Thymele
926 891 993 940 tunc
1015 883 1123 942 rustica
1147 883 1242 944 discit.

424 966 478 1026 Ast
501 964 595 1041 aliae,
620 965 735 1044 quoties
758 965 861 1025 aulaea
884 965 1036 1025 recondita
1061 978 1189 1045 cessant,

423 1049 460 1111 m
484 1067 578 1110 vacuo
602 1050 763 1128 clausoque
786 1058 890 1109 sonant
916 1050 979 1110 iora
1002 1049 1067 1111 sola
1089 1052 1215 1129 theatro,

424 1136 520 1215 hique
543 1154 559 1195 a
583 1133 711 1195 Plebeiis
733 1134 822 1211 longe
845 1132 1026 1212 Megalesia,
1050 1137 1150 1197 tristes

423 1220 579 1282 Personam
602 1219 790 1297 thyrsumque
815 1228 916 1279 tenent
939 1226 970 1279 et
991 1219 1123 1298 subligar
1145 1224 1229 1283 Acci.

423 1302 547 1367 ltrbicus
571 1305 679 1364 exodio
704 1305 792 1362 risum
814 1313 913 1364 moret
938 1303 1093 1365 Atellanae

423 1390 559 1452 Gestibus
584 1389 750 1449 Autonoes:
773 1387 849 1448 hunc
874 1388 968 1467 diligit
992 1388 1077 1449 helia
1099 1409 1222 1470 pauper.

422 1475 551 1535 Solvitur
573 1473 618 1533 his
640 1490 745 1550 magno
766 1473 902 1533 comoedi
925 1473 1028 1543 libula;
1050 1485 1115 1535 sunt
1137 1494 1212 1555 quae

422 1558 647 1636 Chrysogonum
670 1567 787 1619 cantare
808 1567 921 1625 vetent:
946 1556 1079 1636 Hispulla
1102 1562 1244 1638 tragoedo

422 1644 551 1707 Gaudet:
580 1661 616 1703 an
639 1652 814 1722 exspectas,
836 1652 868 1702 ut
890 1642 1082 1717 Quintilianus
1106 1645 1238 1706 ametur?

423 1729 542 1808 Accipis
564 1745 704 1802 uxorem,
730 1728 766 1788 de
790 1746 846 1806 qua
873 1728 1059 1789 citharoedus
1082 1728 1197 1790 Echion

423 1815 478 1874 hut
502 1813 667 1892 Glaphyrus
689 1814 738 1873 liat
760 1823 844 1891 pater
869 1813 1099 1893 Ambrosiusque
1123 1814 1288 1876 choraules.

423 1899 520 1977 hringa
545 1917 598 1978 per
620 1907 762 1976 angustos
785 1898 906 1976 ligamus
927 1899 1038 1977 pulpita
1061 1901 1155 1975 vicos,

422 1985 567 2045 Ornentur
591 1994 693 2063 postes
720 1993 749 2043 et
771 1981 873 2060 grandi
896 1984 979 2043 ianua
1000 1983 1095 2060 lauro,

422 2069 459 2131 Ut
475 2068 643 2130 testudineo
667 2067 734 2141 tibi,
760 2066 901 2140 Lentule,
927 2084 1063 2144 conopeo

422 2153 536 2214 Nobilis
559 2151 717 2228 Euryalum
740 2151 941 2210 mirmillonem
966 2154 1109 2229 exprimat
1135 2154 1239 2213 inians.

422 2238 516 2318 Nupta
546 2239 675 2297 senatori
699 2237 833 2297 comitata
856 2244 902 2295 est
925 2234 1020 2316 Eppia
1044 2236 1150 2297 ludium

422 2324 466 2383 Ad
490 2323 605 2383 Pharon
629 2331 658 2381 et
681 2320 775 2382 Nilum
798 2321 970 2400 famosaque
995 2322 1108 2382 moenia
1131 2322 1214 2400 Lagi,

422 2408 555 2485 Prodigia
579 2415 608 2466 et
630 2423 729 2465 mores
755 2405 835 2465 urbis
858 2406 1013 2465 damnante
1037 2403 1169 2486 Canopo.

421 2493 574 2552 immemor
595 2491 644 2551 illa
668 2490 770 2550 domus
794 2500 824 2551 et
847 2492 979 2568 coniugis
1003 2500 1090 2569 atque
1113 2510 1224 2553 sororis
1386 2504 1419 2560 aa

423 2577 467 2637 Nil
493 2577 603 2654 patriae
626 2576 760 2649 indulsit,
784 2575 996 2655 plorantesque
1020 2576 1150 2653 improba
1172 2589 1268 2654 natos,

422 2662 516 2739 thue
541 2662 633 2737 magis
656 2669 790 2737 stupeas,
815 2659 900 2720 ludos
923 2659 1114 2738 Paridemque
1137 2662 1263 2742 reliquit.

422 2746 480 2806 Sed
505 2763 676 2823 quamquam
699 2747 727 2803 in
749 2746 859 2823 magnis
884 2744 990 2823 opibus
1012 2745 1167 2825 plumaque
1191 2756 1312 2826 paterna

422 2830 458 2889 Et
482 2831 669 2907 segmentatis
692 2830 848 2889 dormisset
868 2830 988 2909 parvula
1010 2832 1103 2905 cunis,

423 2914 603 2993 Contempsit
615 2913 753 2992 pelagum
769 2915 872 2975 iamam
896 2924 1113 2995 contempserat
1136 2915 1222 2990 olim,
1386 2927 1419 2982 so

423 2997 511 3058 Cuius
534 2998 610 3077 apud
633 2998 739 3058 molles
760 3001 873 3059 minima
897 3008 942 3060 est
964 3000 1073 3060 iactura
1097 3000 1262 3060 cathedras.

422 3083 591 3159 Tyrrhenos
615 3083 702 3159 igitur
725 3084 829 3144 fluctus
851 3083 970 3163 lateque
995 3093 1146 3144 sonantem

424 3168 543 3229 Pertulit
565 3167 674 3227 Ionium
699 3169 842 3227 constanti
865 3178 1006 3246 pectore,
1030 3170 1161 3247 quamvis

423 3253 584 3313 Mutandum
606 3253 695 3311 toties
719 3262 799 3312 esset
821 3270 910 3312 mare.
956 3252 1033 3313 iusta
1056 3252 1160 3331 pericli

422 3340 452 3397 Si
478 3340 550 3398 ratio
573 3347 620 3399 est
643 3346 670 3396 et
692 3337 828 3412 honesta,
855 3339 954 3397 timent
976 3338 1140 3416 pavidoque
1162 3338 1295 3415 gelantur
1386 3350 1418 3403 95

423 3422 565 3499 Pectore,
590 3440 646 3482 nec
668 3423 798 3483 tremulis
821 3432 944 3499 possunt
968 3424 1102 3482 insistere
1126 3422 1246 3499 plantis:

424 3506 539 3567 Fortem
564 3509 685 3568 animum
709 3516 858 3586 praestant
881 3507 984 3582 rebus,
1009 3525 1080 3585 quas
1103 3509 1226 3585 turpiter
1251 3509 1364 3569 audent.

423 3593 453 3651 Si
478 3592 575 3652 iubeat
589 3594 726 3667 coniunx,
745 3593 847 3654 durum
869 3601 914 3652 est
930 3592 1133 3651 conscendere
1155 3610 1272 3659 navem:

423 3675 504 3737 Tunc
525 3679 636 3738 sentina
659 3678 774 3756 gravis,
797 3687 865 3738 tunc
887 3695 1014 3737 summus
1035 3677 1157 3737 vertitur
1178 3696 1245 3738 aer:

423 3760 505 3837 Quae
523 3763 677 3825 moechum
696 3763 843 3842 sequitur,
867 3762 1016 3826 stomacho
1035 3761 1126 3827 valet:
1144 3762 1193 3827 illa
1213 3764 1343 3827 maritum
1368 3776 1415 3826 luo
