3434 4575
608 462 951 524 EPIGRAMMATON
964 463 1039 524 LIB.
1053 464 1092 528 V.
1309 464 1373 527 119

790 615 909 678 Xthl.

409 716 568 795 Nunquam
585 734 618 775 se
634 733 761 775 cenasse
778 713 860 774 domi
874 714 966 774 Philo
982 715 1078 793 iurat,
1102 720 1135 775 et
1148 717 1208 776 hoe
1221 723 1285 777 esta

450 800 518 861 Non
536 806 644 878 cenat,
667 801 810 878 quotiens
824 816 915 859 nemo
930 800 1049 859 vocavit
1063 818 1141 859 eum.

783 930 917 996 XLVIII.

409 1048 489 1126 Quid
504 1067 566 1108 non
582 1049 786 1126 cogitamur?
808 1049 909 1108 secuit
923 1045 1051 1107 nolente
1067 1047 1196 1128 capillos

449 1132 605 1212 Encolpus
621 1132 761 1209 domino,
783 1152 844 1192 non
860 1132 1049 1212 prohibente
1062 1138 1175 1194 tamen.

407 1217 555 1278 Permisit
569 1218 717 1296 flevitque
733 1216 859 1276 Pudens
867 1223 880 1274 ι’
898 1219 943 1275 sie
958 1217 1052 1276 cessit
1067 1216 1196 1277 habenis

453 1300 571 1361 Audaci
588 1307 715 1379 questus
733 1301 771 1360 de
787 1301 985 1361 Phaethonte
999 1307 1104 1380 pater:

385 1383 500 1448 bTalis
516 1391 621 1465 raptus
636 1384 750 1464 Hylas,
773 1382 844 1445 talis
861 1384 1033 1464 deprensus
1048 1384 1189 1445 Achilles

449 1471 600 1549 Deposuit
615 1469 768 1548 gaudens,
791 1474 890 1528 matre
908 1467 1052 1548 dolente,
1075 1489 1186 1545 eomas.

407 1553 471 1614 Sed
486 1559 520 1613 tu
534 1571 574 1613 ne
590 1573 740 1634 propera,
761 1555 908 1615 brevibus
922 1572 982 1613 uec
997 1551 1092 1613 crede
1107 1552 1246 1634 capillis,

449 1636 615 1715 Tardaque
629 1658 687 1717 pro
702 1644 788 1698 tanto
804 1655 950 1715 munere,
971 1640 1082 1716 barba,
1104 1640 1184 1702 veni.

794 1771 900 1831 XLIX.

406 1871 563 1934 Vidissem
578 1869 670 1930 modo
685 1871 770 1929 sorte
785 1890 854 1929 cum
869 1869 1030 1931 sedentem

407 1955 514 2015 Solum
528 1962 578 2032 te,
600 1954 756 2032 Labiene,
777 1960 843 2014 tres
858 1954 971 2034 putavi.

408 2038 521 2100 Calvae
536 2057 586 2098 me
600 2057 747 2098 numerus
761 2044 832 2098 tuae
848 2037 979 2099 fefellit:

406 2124 485 2183 Sunt
500 2121 588 2182 illiue
605 2123 680 2199 tibi,
703 2128 774 2182 sunt
788 2129 821 2183 ct
834 2123 908 2182 hinc
923 2122 1042 2202 capilli,

382 2207 523 2284 5Quales
535 2205 588 2280 yel
600 2226 729 2286 puerum
746 2205 861 2267 decere
876 2207 1005 2289 possint.

406 2292 527 2361 Nudum
543 2293 637 2352 estin
653 2290 755 2352 medio
771 2299 879 2373 eaput,
900 2310 959 2352 nee
973 2290 1054 2352 ullus

406 2378 439 2436 ln
455 2375 548 2455 longa
561 2375 644 2456 pilus
660 2377 732 2435 area
746 2382 881 2436 notatur.

405 2462 466 2521 Hic
481 2479 572 2520 error
590 2461 648 2520 tibi
661 2460 781 2539 profuit
794 2461 978 2539 Decembri,

406 2545 503 2623 Tum,
525 2564 592 2604 eum
608 2542 738 2624 prandia
753 2545 836 2604 misit
849 2543 1037 2623 Imperator:
1086 2570 1088 2574 ·

361 2629 479 2691 lOCum
495 2627 663 2709 panariolis
678 2629 778 2688 tribus
793 2627 913 2688 redisti.

406 2711 515 2771 Talem
531 2712 709 2792 Geryonem
723 2712 820 2772 fuisse
835 2710 942 2771 credo.

405 2795 510 2874 Vites,
533 2815 663 2875 censeo,
685 2798 839 2878 porticum
852 2794 1007 2876 Philippi:

406 2879 440 2940 Si
455 2889 487 2940 te
502 2880 616 2941 viderit
630 2879 802 2958 Hercules,
821 2880 945 2959 peristi.

823 3015 859 3076 L.

406 3128 492 3189 Ceno
508 3128 591 3188 domi
604 3131 766 3208 quotiens,
787 3130 849 3190 nisi
864 3136 912 3208 te,
935 3132 1128 3211 Charopine,
1149 3131 1270 3211 vocavi,

445 3213 593 3273 Protinus
607 3213 750 3292 ingentes
766 3219 837 3273 sunt
851 3215 1048 3293 inimicitiae,

403 3296 520 3375 Meque
536 3293 616 3357 velis
631 3299 740 3358 stricto
756 3297 890 3358 medium
907 3299 1091 3377 transfigere
1106 3299 1208 3377 ferro,

446 3380 480 3439 si
494 3386 633 3441 nostrum
648 3391 715 3442 stne
731 3389 763 3441 tc
778 3384 838 3442 seis
853 3381 983 3443 caluisse
998 3383 1109 3445 focum.

381 3463 472 3525 bNee
488 3462 586 3523 semel
601 3482 676 3543 ergo
691 3466 766 3526 mihi
780 3467 896 3526 furtum
912 3468 1026 3527 fecisse
1040 3466 1171 3527 licebit?

447 3546 618 3625 improbius
632 3545 709 3609 nihil
726 3556 775 3610 est
789 3551 863 3629 hae,
886 3552 1078 3632 Charopine,
1100 3549 1178 3629 gula.

404 3630 521 3689 Desine
536 3631 595 3689 iam
612 3640 764 3713 nostrum,
786 3654 915 3715 precor,
938 3637 1104 3696 observare
1119 3633 1266 3712 culinam,

449 3715 553 3794 Atque
569 3713 733 3795 aliquando
748 3737 835 3779 meus
850 3719 905 3779 det
919 3721 976 3779 tibi
989 3721 1084 3780 rerba
1099 3720 1197 3781 focus.
