3434 4575
588 479 929 541 EPIGRAMMATON
940 481 1013 542 LlB.
1028 482 1079 543 lx.
1291 485 1355 550 209

436 634 640 696 Mandassent
653 633 791 692 manibus
807 631 916 709 gaudia
930 632 1023 692 foeda
1036 635 1108 695 suis.

393 722 492 802 ipsam
508 716 602 778 crede
617 717 674 776 tibi
690 722 829 775 naturam
846 715 953 776 dicere
968 735 1088 777 rerum:

353 816 387 868 10
434 801 541 882 „istud
556 799 639 880 quod
652 798 775 878 digitis,
796 799 943 878 Pontice,
965 801 1091 880 perdis,
1113 803 1204 863 bomo
1220 806 1302 867 est.“

783 933 876 997 an.
974 979 978 985 .

398 1051 522 1131 Campis
536 1048 622 1110 dives
636 1046 750 1127 Apollo
766 1050 811 1108 sic
825 1049 968 1125 marinis,

393 1134 447 1195 Sic
462 1152 585 1213 semper
600 1134 725 1192 renibus
739 1133 844 1191 fruare
861 1133 984 1212 cygnis,

394 1220 511 1278 Doctae
525 1220 570 1278 sic
585 1219 643 1277 tibi
658 1218 794 1276 serviant
807 1234 950 1294 sorores,

392 1303 458 1362 Nee
472 1300 603 1381 Delphis
618 1307 668 1360 tua
683 1300 849 1360 mentiatur
865 1297 940 1377 ulli,

373 1385 580 1449 asininam
595 1391 627 1444 te
642 1383 746 1444 colant
761 1391 941 1463 amantquez

393 1470 446 1528 Bis
463 1488 555 1529 senos
570 1470 631 1528 cito
645 1474 678 1527 te
693 1473 823 1547 rogante
837 1468 938 1527 fasces

393 1555 455 1613 Det
468 1551 585 1613 Stellae
599 1554 697 1613 bonus
713 1557 888 1630 annuatque
905 1553 1028 1612 Caesar.

392 1635 484 1699 Felir
498 1642 572 1697 tuuc
587 1656 644 1715 ego
661 1634 846 1714 debitorque
860 1636 924 1695 voti

395 1723 542 1783 Casurum
557 1721 614 1780 tibi
631 1721 762 1780 rusticas
776 1718 815 1778 ad
829 1738 897 1778 aras

358 1806 509 1867 10Dncam
524 1805 669 1864 cornibus
685 1803 787 1862 aureis
801 1803 972 1864 iuvencum.

394 1888 471 1949 Nata
486 1895 535 1949 est
548 1889 666 1966 hostia,
687 1887 831 1961 Phoebe3
854 1884 928 1965 quid
944 1885 1095 1946 moraris?

779 2019 884 2081 XLlll.

394 2139 455 2197 Hic
473 2138 525 2215 qui
539 2136 616 2196 dura
631 2136 744 2196 sedens
757 2140 905 2216 porrecto
920 2153 990 2194 saxa
1005 2132 1097 2194 leone

436 2220 563 2300 Mitigat
578 2221 687 2300 exigno
701 2237 827 2298 magnus
841 2220 875 2278 in
890 2237 962 2278 aere
979 2217 1072 2297 deus,

396 2305 544 2383 Quaeque
556 2303 644 2382 tulit,
667 2310 787 2384 spectat
803 2304 951 2386 resupino
966 2302 1070 2363 sidera
1083 2304 1186 2385 voltu,

357 2439 360 2445 ,
438 2388 532 2447 Cuius
546 2385 634 2448 laeva
648 2385 730 2448 calet
743 2390 875 2466 robore,
897 2387 1006 2447 dextra
1019 2407 1121 2448 mero:

374 2469 466 2533 5Non
483 2477 531 2530 est
545 2470 625 2530 fama
638 2490 749 2531 recens
764 2490 822 2532 nec
836 2472 937 2532 nostri
951 2472 1049 2550 gloria
1065 2472 1160 2549 caeli3

438 2551 552 2615 Nobile
565 2553 694 2636 Lysippi
708 2576 816 2616 munus
832 2573 970 2636 opusque
987 2551 1082 2615 uides.

395 2638 465 2698 Hoc
480 2639 588 2699 babuit
600 2658 714 2699 numen
728 2639 849 2700 Pellaei
864 2659 969 2700 mensa
985 2642 1125 2719 tyranni,

438 2723 497 2799 Qui
512 2723 574 2783 cito
587 2722 763 2805 perdomito
776 2726 877 2785 victor
893 2725 926 2784 in
941 2724 1017 2782 orbe
1034 2724 1124 2785 iacet.

395 2807 486 2866 Hunc
500 2826 578 2886 puer
593 2807 632 2868 ad
644 2807 776 2888 Libycas
792 2809 948 2868 iuraverat
962 2805 1117 2867 Hannibal
1131 2828 1215 2885 aras3

357 2901 389 2952 10
436 2891 571 2952 Iusserat
585 2892 636 2953 bic
651 2891 767 2953 Sullam
781 2910 900 2974 ponere
917 2910 1014 2969 regua
1029 2897 1157 2955 trucem.

395 2975 538 3036 Offensus
549 2970 656 3036 'variae
670 2976 795 3036 tumidis
811 2977 985 3037 terroribus
1000 2973 1088 3035 aulae

435 3060 577 3120 Privatos
591 3060 704 3139 gaudet
716 3080 798 3120 nunc
811 3061 954 3121 babitare
968 3057 1060 3122 lares.

394 3142 498 3222 thue
514 3144 574 3203 fuit
592 3143 745 3223 quondam
759 3141 875 3224 placidi
892 3143 1017 3204 conviva
1031 3142 1206 3225 Molorchi,

437 3227 489 3287 Sic
506 3227 604 3288 voluit
618 3228 703 3288 docti
718 3227 859 3289 Vindicis
875 3247 944 3289 esse
959 3226 1047 3292 deus.

780 3360 886 3424 XLIV.

395 3473 529 3534 Alciden
542 3474 634 3534 modo
650 3475 815 3537 Vindicem
828 3478 973 3554 rogabam

394 3555 489 3619 Esset
504 3558 590 3618 cuius
605 3578 680 3640 opus
695 3558 847 3639 laborque
862 3558 947 3621 felix.

394 3640 493 3719 Risit,
515 3661 584 3702 nam
598 3641 682 3705 solet
696 3644 771 3723 boc,
789 3641 913 3726 levique
932 3650 1008 3704 nutu

394 3725 539 3803 „Graece
555 3728 724 3809 numquid“
738 3730 781 3791 ait
795 3735 928 3813 „poeta,
950 3728 1077 3791 nescis?

395 3809 503 3872 Maur.
1111 3811 1151 3875 14
