3434 4575
700 501 826 551 souma
851 503 910 550 Vll.

309 647 459 706 Lautorum
483 660 610 724 pueros:
632 655 724 704 artem
746 643 865 704 scindes
887 641 1045 704 Theodori.

310 729 414 791 lialnea
441 730 589 789 sescentis
612 737 642 789 et
663 727 754 806 pluris
777 730 919 807 porticus,
944 729 971 787 in
995 746 1050 807 qua

309 814 444 875 Gestetur
466 813 616 888 dominus,
638 813 754 892 quoties
777 811 863 890 pluit:
885 831 958 872 anne
980 831 1115 873 serenum
1173 857 1176 863 .

309 897 472 978 Exspectet
493 907 672 976 spargatque
696 896 757 956 luto
779 898 905 957 iumenta
927 895 1060 958 recenti?
1253 905 1302 960 180

310 982 359 1042 llic
382 984 496 1061 potius,
519 999 643 1060 namque
666 980 713 1040 hic
734 981 857 1041 mundae
877 983 949 1041 nitet
971 981 1077 1059 ungula
1100 979 1204 1041 rnulao.

310 1067 390 1127 Parte
412 1067 470 1126 alla
494 1066 590 1143 longis
612 1064 796 1125 Numidarum
819 1066 890 1126 lulta
913 1065 1052 1126 columnis

309 1152 413 1229 Surget
436 1160 465 1209 et
485 1149 632 1228 algentem
653 1151 748 1227 rapiat
764 1152 899 1210 coenatio
919 1151 1022 1211 solem.

310 1234 539 1312 Quanticunrque
562 1233 682 1310 domus,
704 1235 803 1293 veniet
826 1236 875 1312 qui
897 1234 1008 1295 fercula
1028 1233 1115 1294 docte

310 1317 486 1398 Componat;
511 1319 608 1378 veniet
628 1320 677 1398 qui
700 1318 891 1397 pulmentaria
915 1319 1022 1380 condit.
1254 1326 1303 1380 185

310 1402 367 1464 llos
390 1405 466 1463 iuter
487 1412 617 1481 sumptus
639 1405 775 1463 sestertia
798 1401 985 1478 Quintiliano,

311 1488 344 1549 Ut
364 1487 501 1561 multum,
525 1488 580 1547 duo
604 1487 765 1549 sufficient:
786 1505 835 1548 res
858 1488 936 1548 nulla
959 1487 1075 1547 minoris

312 1571 463 1634 Constabit
485 1573 575 1650 patri,
599 1590 684 1650 qoam
707 1571 921 1633 lilius-Unde
943 1573 1030 1650 igitur
1051 1580 1093 1631 tot

311 1656 502 1730 Quiutilianus
524 1656 614 1716 habet
636 1652 752 1717 saltus?
768 1689 812 1700 —
825 1655 969 1735 Exempla
990 1673 1129 1715 novorum

311 1740 445 1802 Fatorum
465 1741 570 1801 transi:
593 1739 667 1801 lelix
689 1751 718 1801 et
741 1739 864 1818 pulcher
887 1750 916 1799 ct
937 1757 1023 1815 acer,
1256 1747 1304 1801 190

312 1825 391 1887 Felix
416 1834 446 1884 el
465 1826 583 1904 sapiens
605 1833 634 1884 el
656 1825 763 1885 nobilis
785 1833 814 1883 et
836 1843 1011 1901 generosus,

312 1911 482 1990 Appositum
505 1909 605 1987 nigrae
626 1908 720 1969 lunam
742 1908 870 1968 subtexit
895 1909 1006 1975 alutam

313 1994 393 2056 Felix
414 2002 515 2053 orator
537 2012 654 2074 quoque
677 1994 817 2054 maximus
841 2002 870 2052 et
890 1992 1046 2058 iaculatum

313 2079 362 2154 lit,
385 2099 410 2138 sr
436 2079 585 2156 perfrixit,
605 2087 701 2139 cantat
723 2078 809 2139 bene.
852 2076 948 2137 Distat
972 2079 1063 2152 enim,
1088 2095 1163 2157 quae

312 2164 412 2224 Sidera
437 2172 466 2222 te
488 2163 634 2241 excipiant
657 2163 744 2222 ruodo
766 2164 875 2241 prirnos
898 2163 1082 2241 incipientem
1253 2168 1303 2223 195

312 2247 407 2310 Edere
430 2248 543 2326 vagitus
567 2256 596 2307 et
617 2247 713 2308 adhuc
733 2266 749 2309 a
771 2256 863 2308 matre
887 2248 1047 2308 rubentem.

312 2334 339 2393 st
349 2335 478 2397 Fortuna
501 2331 598 2408 volet,
623 2332 677 2392 lies
700 2332 736 2392 de
759 2332 877 2393 rhetore
900 2333 1017 2399 oonsul;

311 2419 339 2478 Si
361 2418 445 2478 volet
466 2416 540 2477 haec
563 2416 684 2492 eadem,
708 2418 760 2476 lies
784 2417 821 2477 de
844 2417 966 2477 consule
989 2417 1097 2477 rhetor.

311 2502 462 2563 Ventidius
486 2501 554 2581 quid
578 2498 672 2561 enim?
694 2502 763 2581 quid
787 2500 920 2562 Tullius?
942 2519 1016 2561 arrne
1040 2501 1117 2561 aliud
1148 2516 1231 2578 quam

311 2588 396 2648 Sidus
422 2596 452 2646 et
475 2586 585 2646 occulti
606 2587 733 2646 miranda
757 2588 887 2665 potentia
911 2583 981 2646 latil
1253 2592 1305 2645 200

312 2673 411 2732 Servis
432 2689 522 2748 regna
545 2669 668 2746 dabunt,
692 2672 815 2749 captivis
836 2671 893 2731 iata
915 2670 1096 2749 triumphum.

312 2755 393 2817 Felix
412 2754 463 2816 ille
482 2764 577 2814 tamen
600 2772 691 2815 corvo
714 2772 831 2834 quoque
854 2756 948 2815 rarior
971 2753 1049 2815 albo.

312 2840 455 2901 Paenituit
476 2838 582 2899 multos
605 2857 697 2899 vanae
719 2839 888 2917 sterilisque
912 2839 1080 2912 cathedrae,

312 2926 392 2985 Siout
414 2923 623 2999 Thrasymaohi
646 2923 751 3001 probat
771 2925 866 2984 exitus
887 2934 973 3004 atque
997 2923 1122 2983 Secundi

313 3008 487 3070 carrinatis:
507 3017 536 3068 et
557 3007 633 3068 huuc
654 3009 769 3087 inopem
792 3008 921 3085 vidistis,
944 3008 1089 3080 Athenae,
1254 3016 1305 3067 205

313 3092 357 3155 llil
379 3102 499 3173 praeter
520 3092 636 3170 gelidas
658 3110 746 3153 ausae
769 3093 905 3153 conferre
930 3093 1049 3153 cicutas.

313 3177 364 3254 ui,
387 3178 526 3237 malornm
550 3175 657 3237 umbris
678 3186 792 3237 tenuem
815 3187 843 3237 et
865 3178 928 3237 sine
952 3178 1083 3256 pondere
1102 3186 1225 3247 terram,

312 3262 523 3340 spirantesque
547 3277 653 3321 orooos
676 3271 705 3320 et
726 3264 754 3322 in
774 3279 844 3321 urna
867 3271 1040 3341 perpetuum
1062 3280 1130 3335 ver,

314 3344 368 3419 Qui
391 3355 618 3424 praeceptorem
640 3347 733 3406 sancti
755 3346 879 3405 voluere
901 3347 1030 3425 parentis

314 3428 387 3490 Esse
411 3430 495 3490 looo!
518 3428 650 3489 Metuens
670 3432 772 3507 virgae
795 3431 848 3489 iam
871 3430 988 3508 grandis
1010 3428 1143 3488 Achilles
1253 3438 1307 3489 Alo

316 3511 457 3574 (laniabat
479 3515 579 3592 patriis
600 3516 627 3572 in
649 3515 794 3574 montibus
826 3522 855 3573 et
885 3516 931 3574 oui
951 3530 1008 3572 non
1029 3522 1095 3571 tuno

315 3596 445 3659 Eliceret
467 3599 553 3657 risum
577 3598 737 3659 citharoedi
761 3600 852 3659 cauda
875 3597 1020 3675 magistri:

315 3683 373 3744 Sed
397 3682 501 3743 Rolurn
524 3692 612 3762 atque
632 3683 707 3744 alios
728 3682 823 3744 caedit
844 3702 895 3743 sua
915 3698 1059 3760 quemque
1081 3682 1225 3757 iuventus,

318 3764 436 3844 Rursum,
462 3785 548 3846 quern
572 3768 660 3829 toties
683 3765 858 3829 ciceronem
881 3765 1045 3842 Allobroga
1055 3765 1145 3910 4dipdt.
