3434 4575
426 457 489 524 112
752 459 798 522 M.
814 461 905 522 VAL.
921 460 1151 523 MARTIALIS

915 663 983 727 XX.

512 778 546 838 Si
560 785 663 840 tecum
676 780 767 856 milri,
789 796 861 838 care
876 778 1046 858 Martialis,

511 863 637 923 Securis
650 862 745 923 liceat
759 863 822 922 frui
837 863 962 942 diebus,

511 946 545 1006 Si
560 946 727 1028 disponere
741 953 864 1026 tempus
880 949 1012 1008 otiosum

509 1031 552 1090 Et
566 1050 659 1091 veroe
673 1032 792 1112 pariter
805 1049 915 1091 vacare
929 1033 1025 1093 vitae:

488 1115 577 1175 tNee
591 1134 648 1175 nos
664 1117 758 1192 atria,
779 1133 838 1174 nec
854 1114 960 1175 domos
976 1120 1157 1195 potentum,

510 1199 576 1258 Nec
590 1198 663 1259 lites
678 1200 806 1259 tetricas
820 1199 984 1278 forumque
997 1202 1091 1259 triste
1202 1229 1205 1234 ·

511 1283 697 1360 Nossemus,
718 1301 777 1342 nee
790 1284 940 1360 imagines
955 1284 1120 1363 superbam

512 1365 576 1426 Sed
592 1368 740 1446 gestatio,
760 1365 900 1445 fabulae,
921 1366 1040 1444 libelli,

512 1450 662 1531 Campus,
684 1451 839 1530 portione,
861 1453 985 1528 umbra,
1007 1453 1110 1528 virgo,
1130 1452 1298 1532 thermae,

469 1534 596 1596 10Haee
612 1540 718 1594 essent
733 1533 802 1593 looa
816 1552 956 1616 semper,
977 1535 1012 1594 hi
1024 1533 1159 1596 labores.

511 1617 600 1679 Nunc
614 1619 689 1678 vivit
703 1623 834 1678 necuter
848 1620 909 1679 sibi
924 1620 1083 1696 bonosque

512 1701 604 1762 Soles
620 1703 759 1780 effugere
774 1709 867 1780 atque
883 1704 968 1763 abire
983 1703 1095 1780 sentit,

512 1787 571 1862 Qui
585 1788 674 1847 nobis
687 1793 822 1867 pereunt
835 1793 869 1847 et
882 1789 1080 1867 imputantur.

512 1871 678 1951 Quisquam
693 1873 797 1931 rivere
812 1890 879 1931 eum
895 1873 987 1948 sciat,
1009 1867 1170 1929 moratur?

906 2005 987 2067 XXI.

512 2117 659 2192 Quintum
673 2137 731 2198 pro
746 2117 891 2194 Decimo,
912 2137 970 2197 pro
987 2116 1117 2192 Crasso,
1139 2116 1279 2198 Regulo,
1303 2120 1394 2180 Maer

553 2202 636 2261 Ante
651 2202 803 2262 salutabat
818 2201 927 2260 rhetor
942 2197 1159 2280 Apollodotus.

510 2283 598 2345 Nune
612 2293 777 2363 utrumque
791 2305 845 2345 suo
860 2284 1010 2346 resalutat
1024 2285 1159 2349 nomine.
1195 2285 1356 2362 Quantum

555 2369 637 2429 Cura
651 2368 803 2447 laborque
819 2371 940 2450 potest!
972 2370 1160 2449 Sumpserat,
1185 2375 1218 2429 et
1234 2369 1359 2432 didicit.

903 2504 995 2564 xxfl.

511 2616 606 2677 Mane
622 2616 704 2677 domi
718 2618 825 2677 uisite
840 2616 924 2677 volui
938 2618 1099 2698 meruique
1113 2615 1239 2694 videre,

556 2701 626 2762 Sint
640 2702 732 2779 mihi,
748 2700 862 2780 Paule,
882 2709 953 2762 tuae
967 2702 1090 2780 longius
1104 2699 1277 2780 Esquiliae.

512 2784 576 2845 Sed
591 2786 775 2846 Tiburtinae
791 2806 856 2846 snm
872 2788 1027 2866 proximus
1044 2785 1147 2846 accola
1160 2782 1266 2865 pilae,

554 2871 622 2946 Qus
634 2869 720 2930 videt
734 2872 892 2948 antiquum
906 2871 1022 2930 rustico
1035 2867 1129 2931 Flora
1143 2870 1264 2929 lovem:

486 2952 580 3013 aAlta
594 2954 746 3013 Suburani
760 2953 910 3014 vincenda
926 2960 974 3014 est
988 2955 1096 3014 semita
1111 2952 1181 3013 clivi

553 3038 595 3097 Et
607 3056 761 3116 nunquam
776 3040 858 3097 sioeo
875 3037 999 3098 sordida
1014 3057 1086 3098 saxa
1100 3037 1213 3116 gradu,

513 3121 635 3202 Vixque
650 3120 740 3181 da'tnr
754 3119 863 3199 longas
876 3122 1027 3182 mulorum
1042 3141 1188 3203 rumpere
1204 3122 1354 3185 mandras

556 3205 705 3284 Quaeque
719 3206 803 3265 trahi
817 3204 914 3267 multo
929 3226 1081 3266 marmora
1094 3206 1169 3266 lune
1184 3205 1284 3269 vides.

511 3287 593 3349 Illud
608 3289 707 3350 adhue
721 3291 858 3368 gravier,
882 3289 964 3369 quod
979 3299 1011 3350 te
1024 3297 1096 3370 post
1110 3287 1198 3350 mille
1213 3291 1361 3370 labores,

470 3384 505 3437 10
553 3373 666 3452 Paule,
688 3381 782 3453 negat
794 3373 876 3435 lasso
891 3376 1005 3434 ianitor
1020 3393 1090 3434 esse
1105 3373 1209 3437 domi..

510 3459 619 3520 Exitus
633 3460 685 3519 hic
701 3461 804 3538 operis
821 3460 890 3519 vani
905 3457 1090 3537 togulaeque
1105 3458 1276 3518 madentis:

552 3542 613 3604 vix
629 3545 709 3604 tanti
724 3541 853 3603 Paulum
868 3561 956 3603 mane
972 3542 1079 3602 videre
1097 3543 1166 3603 fnit.

511 3625 641 3706 Semper
656 3628 836 3688 inhumanos
850 3626 946 3686 habet
961 3627 1116 3688 officiosus
1133 3627 1262 3689 amieos:

553 3711 636 3789 Rex,
657 3714 717 3773 nisi
733 3710 914 3790 dormieris,
937 3730 999 3770 non
1015 3717 1106 3791 potes
1122 3730 1192 3771 esse
1208 3731 1307 3776 meus.
