3434 4575
526 471 867 536 EPIGRAMMATON
881 474 955 540 LIB.
970 473 1047 538 VIII.
1250 470 1312 539 191

748 669 825 731 LXI.

352 777 444 839 Livet
458 779 627 856 Charinus,
648 781 818 861 rumpitur,
839 779 933 857 furii,
955 777 1058 858 plorat

352 863 394 921 nt
411 864 533 942 qnaerii
550 862 647 941 altos,
667 863 750 924 unde
765 861 917 944 pendeat,
937 881 1055 922 ramos:

349 945 419 1006 Non
434 949 494 1007 iam
512 945 594 1025 quod
608 951 684 1008 orbe
698 953 805 1008 cantor
821 952 854 1006 et
869 945 959 1024 legor
974 953 1057 1025 toto,
1183 956 1195 975 ⁵

351 1030 416 1090 Neo
432 1029 586 1092 umbilicis
604 1031 687 1111 quod
704 1031 836 1092 decorus
851 1036 885 1090 et
899 1028 994 1090 cedro

331 1113 493 1194 bSpargor
510 1133 567 1194 per
583 1135 689 1176 omnes
706 1117 803 1176 Roma
818 1133 892 1195 quas
908 1120 997 1175 tenet
1011 1119 1137 1192 gentes:

353 1197 417 1258 Sed
434 1199 517 1277 quod
533 1200 589 1259 snb
606 1202 683 1260 urbe
701 1220 754 1261 rus
770 1201 919 1260 habemas
935 1199 1083 1259 aestivum

352 1281 565 1362 VehImurque
580 1283 670 1344 mulis
686 1303 765 1362 non,
785 1289 820 1343 ut
835 1290 924 1360 ante,
940 1281 1110 1343 conductis.

356 1367 437 1443 Quid
450 1369 663 1448 imprecabor,
685 1388 703 1427 o
720 1368 856 1445 Severe,
878 1367 1009 1427 licentii

351 1449 419 1510 Hoc
437 1456 525 1531 opto:
548 1450 645 1512 mulas
661 1453 773 1513 habeat
788 1457 821 1512 et
838 1453 1055 1512 suburbanum.

747 1595 838 1658 LXII.

351 1703 469 1765 Scribit
481 1707 514 1765 In
529 1725 635 1766 aversa
649 1706 761 1767 Picena
776 1708 995 1785 epigrammata
1011 1703 1132 1781 charta,

392 1790 435 1849 Et
451 1787 551 1866 dolet,
574 1807 681 1848 averso
700 1788 781 1867 qnod
795 1790 871 1849 facit
887 1788 940 1848 illa
955 1786 1025 1852 deo.

737 1927 840 1990 LXIII.

352 2037 528 2118 Thestylon
544 2037 639 2098 Aulus
654 2044 751 2118 amat,
774 2039 830 2099 sed
846 2058 905 2099 nec
918 2039 1018 2099 minna
1034 2035 1124 2097 ardet
1139 2032 1269 2113 Alexin,

392 2124 538 2186 Forsitan
557 2127 590 2182 et
603 2130 742 2182 nostrum
756 2143 836 2183 nnnc
850 2123 1049 2203 HyacInthon
1061 2126 1150 2182 amat.

351 2211 364 2269 I
379 2227 461 2269 nunc
476 2212 510 2266 et
523 2204 646 2285 dubita,
668 2212 754 2268 vates
768 2228 807 2268 an
821 2207 930 2287 diligat
944 2209 1046 2287 Ipsos,

392 2290 527 2353 Delicias
541 2296 641 2351 vatam
657 2312 724 2352 cum
739 2312 825 2354 mens
839 2291 937 2353 Aulus
952 2297 1042 2353 amet.

734 2430 842 2495 LXIV.

351 2545 394 2605 Ut
409 2564 535 2624 poscas,
559 2540 668 2622 Clyte,
690 2562 798 2602 munus
816 2544 1000 2621 erigasque,

351 2628 421 2688 Uno
436 2628 573 2687 nasceris
588 2629 706 2687 octiens
723 2629 756 2685 In
773 2645 852 2685 anno

351 2712 393 2770 Ilt
407 2710 505 2789 solas,
524 2716 615 2790 puto,
636 2717 741 2770 tresve
756 2713 938 2786 quattuorve

352 2794 421 2852 Non
436 2793 595 2855 natalicias
610 2794 706 2853 habes
721 2789 887 2852 Kalendas.

332 2876 405 2937 asit
420 2876 521 2938 voltus
537 2879 595 2936 tibi
609 2874 709 2936 levior
722 2875 832 2936 licebit

354 2961 452 3022 Tritis
468 2961 570 3022 liboris
585 2959 664 3019 aridi
678 2955 813 3039 lapillis3

353 3045 402 3105 Sit
415 3066 502 3105 moro
519 3064 605 3103 coma
617 3044 737 3121 nigrior
752 3040 884 3117 cadnc03

351 3129 465 3191 VIncas
481 3125 613 3188 mollitia
627 3132 783 3187 tremente
799 3126 935 3207 plumas,

351 3213 414 3272 Aut
431 3232 559 3272 massam
576 3210 666 3270 modo
683 3209 923 3289 lactisaIIIgat13

309 3297 391 3358 ront
404 3294 474 3355 talis
490 3301 591 3354 tumor
606 3296 722 3354 excitet
736 3293 883 3376 papillas,

352 3377 465 3456 Quales
482 3377 577 3438 cruda
592 3380 658 3437 viro
675 3376 777 3458 puella
792 3386 911 3439 servat:

353 3462 403 3521 Tu
419 3461 525 3540 nobis,
548 3460 655 3541 clyto,
675 3464 736 3523 iam
751 3482 847 3523 senex
859 3461 985 3523 videris.

353 3545 431 3604 Tam
448 3543 559 3605 multos
577 3547 644 3623 quis
660 3548 742 3607 enim
758 3548 857 3608 fnisse
872 3544 980 3607 credat

351 3625 478 3689 Natales
493 3630 645 3691 Priamiae
659 3631 863 3695 Nestorrsvet

310 3722 343 3776 15
351 3712 401 3775 Sit
414 3712 539 3776 tandem
554 3714 654 3797 palor
668 3714 824 3777 ecmonus
838 3712 964 3795 rapinis.
