3434 4575
516 468 856 531 EPIGRAMMATON
870 469 944 532 LlB.
961 469 1009 531 lll.
1245 471 1286 536 75

295 622 303 628 “
328 623 427 685 Vinea
442 620 525 702 quod
536 623 644 701 primis
659 640 726 680 cum
742 622 835 682 floret
852 641 928 681 caua
941 624 1089 702 racemis,

371 707 516 768 Gramina
531 706 614 783 quod
629 704 791 783 redolent,
814 725 892 784 quae
906 706 997 766 modo
1013 709 1129 788 carpsit
1147 709 1231 785 ovls3

306 790 420 866 5Quod
435 796 569 869 myrtus,
593 788 675 867 quod
689 807 808 849 messor
822 789 938 868 Arabs,
959 789 1042 868 quod
1056 792 1162 851 sucina
1174 793 1266 872 trita,

369 872 507 933 Pallidus
522 873 589 932 Eoo
603 880 674 932 ture
690 872 773 951 quod
785 874 865 952 ignis
881 872 964 948 olet;

327 956 429 1018 Gleba
444 955 526 1036 quod
541 958 657 1017 aestivo
672 955 785 1017 leviter
801 976 870 1017 cum
885 958 1040 1038 spargitur
1052 958 1170 1037 imbre,

369 1039 458 1117 Quod
478 1039 614 1100 madidas
628 1039 725 1101 nardo
743 1061 832 1122 passa
847 1061 961 1101 corona
975 1060 1092 1101 comas:

326 1126 396 1184 Hoc
410 1131 479 1203 tua,
501 1142 591 1184 saeve
605 1143 685 1204 puer
699 1123 907 1203 Diadumene,
929 1127 1013 1185 basia
1026 1125 1174 1204 fragrant.

288 1220 320 1272 10
368 1207 465 1286 Quid,
488 1210 514 1267 si
530 1213 597 1268 tota
612 1207 703 1267 dures
717 1207 774 1268 illa
791 1211 858 1268 siue
873 1208 1010 1268 invidia?

706 1341 813 1404 LXVL

328 1454 389 1513 l’ar
406 1453 508 1514 scelus
524 1453 647 1525 admisit
661 1453 783 1513 Phariis
798 1454 951 1515 Antonius
966 1456 1074 1515 armis:

371 1538 514 1598 Abscidit
526 1536 628 1597 voltus
643 1538 726 1597 ensis
738 1544 872 1616 uterque
887 1559 999 1600 sacros.

327 1619 424 1700 illud,
444 1620 617 1699 laurigeros
633 1639 742 1700 ageres
757 1641 825 1681 cum
839 1621 924 1682 laeta
937 1623 1126 1703 triumphos,

369 1705 438 1765 Hoc
452 1706 528 1782 tibi,
549 1705 661 1781 Roma,
684 1710 791 1784 caput,
813 1725 881 1765 oum
895 1706 1087 1784 loquereris,
1109 1712 1185 1766 erat.
1223 1768 1233 1785 .

304 1789 443 1850 5Antoui
457 1794 560 1848 tamen
575 1794 623 1847 est
637 1789 742 1866 peior,
765 1808 854 1866 quam
869 1808 959 1849 causa
973 1790 1114 1850 Pothini:

370 1873 430 1932 Hic
446 1873 564 1932 facinus
580 1870 703 1931 domino
718 1873 894 1952 praestitit,
914 1871 970 1932 ille
985 1874 1053 1935 sibi.

704 2005 825 2068 vali

328 2118 481 2194 Cessatis,
503 2116 608 2196 pueri,
630 2115 770 2196 nihilque
785 2117 900 2196 nostis,

329 2200 467 2263 Vaterno
482 2200 656 2277 Rasinaque
669 2201 841 2280 pigriores,

328 2285 464 2361 Quorum
478 2303 536 2364 per
550 2282 625 2343 vada
639 2283 726 2345 tarda
739 2286 917 2364 navigantes
1041 2309 1043 2313 ⁴

329 2370 445 2428 Lentos
464 2370 581 2445 tingitis
598 2366 635 2427 ad
652 2368 792 2429 celeuma
805 2387 917 2430 remos.

308 2454 392 2513 olam
406 2471 505 2532 prono
520 2452 717 2513 Phaethonte
733 2450 824 2512 sudat
837 2453 963 2513 Aethon

327 2538 512 2613 Exarsitque
528 2533 612 2607 dies,
634 2542 667 2595 et
680 2537 759 2596 hora
770 2535 870 2597 lassos

327 2619 514 2697 interlungit
528 2637 625 2699 equoa
639 2619 818 2681 meridiana.

328 2703 370 2763 At
384 2723 438 2764 vos
453 2709 514 2762 tam
526 2701 664 2783 placidas
678 2705 746 2782 vagi
759 2721 817 2784 per
831 2702 928 2764 undas

329 2786 411 2846 Tuta
423 2785 532 2846 luditis
545 2788 641 2847 otium
655 2789 767 2848 carina.

304 2869 396 2932 0Nou
410 2876 518 2930 nautas
531 2878 606 2952 puto
621 2890 691 2950 uos,
712 2867 770 2931 aed
782 2871 985 2950 Argonautas.

703 3004 836 3068 LXVlll.

328 3115 399 3174 Huc
414 3124 574 3197 estusque
589 3120 648 3180 tibi
662 3121 813 3199 scriptus,
827 3126 982 3199 matrona,
995 3118 1132 3181 libellus.

372 3198 430 3259 (lui
447 3202 510 3260 sint
524 3203 641 3281 scripta
652 3222 743 3281 rogas
757 3205 932 3264 interiora?
951 3205 1036 3266 mihi.

330 3281 544 3363 Gymnasium,
568 3287 724 3365 thermae,
747 3288 879 3347 stadium
894 3294 943 3347 est
960 3288 1018 3348 hac
1031 3292 1136 3367 parte:
1159 3283 1284 3347 recede.

370 3366 532 3427 Eruimur:
555 3369 653 3429 nudos
667 3389 761 3451 parce
774 3370 882 3431 uidere
896 3372 989 3436 viros.

308 3448 412 3510 5Hinc
427 3452 487 3511 iam
502 3451 644 3532 deposito
659 3458 731 3534 post
746 3456 816 3515 vina
829 3473 977 3532 rosasque
993 3454 1113 3534 pudore

374 3534 456 3609 Quid
469 3534 568 3615 dicat,
590 3537 692 3596 nescit
705 3540 807 3599 saucia
822 3534 1050 3619 Terpsichore:

330 3616 494 3678 Schemate
508 3638 567 3680 nec
582 3619 692 3699 dubio,
713 3620 771 3682 scd
785 3628 894 3702 aperte
910 3622 1048 3682 nominat
1059 3620 1159 3698 illam,

374 3701 471 3776 Quam
488 3705 603 3784 recipit
617 3710 704 3764 sexto
719 3723 826 3767 mense
842 3707 976 3787 superba
990 3706 1113 3782 Venus,
