3434 4575
362 343 424 408 198
687 343 731 404 Μ.
747 342 839 405 VAL.
857 342 1085 404 MARTIALIS

487 510 573 623 ilve,
588 546 629 605 mi
644 545 776 623 Torani,
791 545 890 605 frater
906 546 1072 607 carissime.
1099 547 1329 633 Epigramma,
1343 574 1358 634 q

403 634 491 690 extra
505 629 646 690 ordinem
661 631 839 710 paginarum
861 634 926 709 est,
947 627 985 689 ad
1002 629 1194 694 Stertinium
1218 635 1358 698 clarissiu

403 715 502 774 virum
522 715 726 794 scripsimus,¹
745 714 798 793 qui
821 715 985 793 imaginem
999 732 1099 774 meam
1114 736 1249 796 ponere
1265 711 1301 781 in
1314 723 1358 782 bil

402 797 494 857 theca
517 817 570 859 sua
597 797 714 860 voluit'
752 798 798 858 De
827 818 888 878 quo
914 797 1113 859 scribendum
1136 801 1200 862 tibi
1229 807 1355 885 putavi,

379 881 591 961 bignorarea‚'
609 882 718 944 Avitus
738 885 799 943 iste
814 884 884 961 quis
897 888 1069 943 vocaretur.
1113 883 1201 947 Vale
1226 896 1265 948 et
1279 910 1355 972 para

403 967 537 1045 apitium.

445 1163 523 1222 Dum
538 1164 626 1223 lanus
640 1162 775 1239 hiemes,
798 1163 990 1223 Domitianus
1005 1169 1211 1246 auctumnos,

445 1249 601 1326 Augustus
615 1248 703 1306 annis
717 1247 923 1307 commodabit
938 1253 1089 1321 aestates;
1173 1269 1176 1273 ·

445 1331 523 1389 Dum
540 1329 656 1408 grande
670 1328 777 1389 famuli
792 1350 906 1391 nomen
921 1337 1041 1391 asseret
1054 1332 1160 1392 Rheni

445 1414 696 1475 Germanicarum
709 1434 818 1493 magna
830 1414 883 1475 lux
896 1413 1118 1490 Kalendarum3

424 1498 585 1578 5Tarpeia
598 1498 707 1558 summi
722 1518 792 1559 saxa
807 1498 880 1559 dum
893 1501 990 1580 patria
1005 1501 1149 1576 stabunt,

447 1584 524 1642 Dum
539 1602 614 1644 voce
629 1582 759 1664 supplex
773 1582 908 1662 dumque
923 1591 994 1644 ture
1008 1582 1147 1663 placabit

444 1667 591 1728 Matrona
609 1666 697 1728 divae
713 1667 804 1728 dulce
819 1666 916 1727 iuliae
930 1684 1058 1728 numen:

443 1751 586 1812 Manebit
600 1750 694 1813 altum
707 1752 834 1814 Flaviae
850 1751 945 1812 decus
960 1753 1061 1831 gentis

445 1835 522 1896 Gurn
537 1833 603 1898 sole
618 1843 651 1898 et
665 1838 756 1898 astris
771 1852 901 1914 cumque
913 1836 984 1897 luce
998 1836 1144 1897 Romana.

403 1919 558 1981 lolnvicta
573 1921 724 2001 quidquid
741 1918 882 1981 condidit
900 1939 1021 1997 manus,
1043 1918 1124 1979 caeli
1139 1928 1202 1983 est.

862 2054 897 2114 ll.

443 2166 565 2245 Pauper
580 2167 732 2226 amicitiae
747 2187 815 2227 cum
830 2169 890 2245 sis,
911 2168 1015 2249 Lupe,
1034 2186 1096 2226 non
1114 2186 1148 2228 es
1164 2172 1311 2252 amicae,

485 2251 526 2310 nt
542 2251 683 2330 queritur
698 2248 738 2311 de
754 2258 788 2312 te
802 2250 940 2313 mentula
955 2252 1020 2313 sola
1034 2249 1123 2313 nihil.

442 2332 497 2394 illa
512 2336 661 2414 siligineis
677 2336 857 2415 pinguescit·
869 2336 1008 2398 adultera
1024 2338 1148 2414 connis,

485 2419 649 2480 Convivam
664 2421 765 2499 pascit
777 2421 867 2499 nigra
880 2421 980 2481 farina
992 2427 1086 2482 tuum.

417 2502 606 2564 5lncensura
620 2505 706 2565 nives
719 2502 861 2564 dominae
877 2505 983 2565 Setina
997 2504 1172 2583 liquantur,

484 2587 547 2648 Nos
567 2589 698 2649 bibimus
717 2590 808 2650 Corsi
822 2588 908 2669 pulla
920 2607 1039 2649 venena
1055 2585 1132 2647 cadi.

441 2671 554 2751 Empta
565 2674 623 2733 tibi
638 2693 698 2733 nox
713 2678 762 2733 est
775 2664 881 2733 fundis
895 2693 957 2733 non
974 2677 1040 2732 tota
1055 2674 1216 2751 paternis,

483 2756 574 2816 Haud
589 2777 642 2816 sua
658 2755 801 2817 desertus
816 2777 890 2818 rura
904 2755 1019 2818 sodalis
1034 2761 1109 2815 arat.
1183 2761 1186 2766 “

442 2838 594 2918 Splendet
606 2842 791 2920 Erythraeis
803 2840 966 2921 perlucida
982 2839 1110 2900 moecha
1123 2836 1272 2922 lapillis,

399 2932 434 2983 10
483 2922 614 2982 Ducitur
629 2913 787 3003 addictus,
808 2932 841 2985 te
855 2926 1016 3002 intuente,
1039 2922 1146 2983 cliens.

441 3005 520 3067 Octo
535 3006 623 3087 Syris
636 3006 761 3067 suffulta
773 3007 864 3074 datur
878 3008 990 3069 lectica
1006 3005 1148 3088 puellae,

482 3089 603 3151 Nudum
617 3090 793 3171 sandapilae
808 3091 929 3173 pondus
944 3094 1058 3154 amicus
1073 3092 1144 3151 erit.

439 3174 548 3238 lnunc
562 3183 595 3237 et
609 3178 755 3255 miseros,
778 3175 915 3256 (iybelc,
937 3174 1084 3258 praecide
1102 3176 1273 3240 cinaedos:

483 3261 570 3323 ilaec
586 3269 670 3341 erat,
692 3261 770 3322 haec'
785 3260 896 3322 cultris
911 3259 1049 3321 mentula
1064 3259 1157 3339 digna
1170 3265 1248 3325 tuis.

857 3397 906 3458 lli.

441 3506 593 3582 Quantum
607 3511 667 3571 iam
682 3512 821 3592 superis,
843 3510 976 3587 Caesar,
998 3509 1148 3589 caeloque
1165 3510 1291 3574 dedisti

482 3589 516 3650 Si
529 3601 655 3673 repetas
669 3601 703 3656 et
716 3596 743 3656 si
758 3593 898 3655 creditor
915 3611 985 3654 ease
1000 3590 1094 3670 velis,
