3434 4575
538 461 880 527 EPIGRAMMATON
892 461 968 526 LlB.
983 462 1005 523 l.
1251 458 1295 521 33

311 618 402 684 tsed
418 619 444 678 si
459 635 517 677 nec
529 617 618 675 focus
634 622 683 675 est
696 633 754 674 nec
767 612 843 673 nudi
857 612 976 692 sponda
989 612 1108 691 grabati

375 702 441 762 Nec
457 705 562 761 curtus
578 700 714 761 Chiones
728 698 919 777 Antiopesve
934 694 1031 777 calix,

334 789 436 849 cerea
453 786 479 845 si
493 783 611 864 pendet
625 781 739 843 lumbis
755 788 787 842 et
801 782 918 862 scripta
932 779 1060 841 lacerna

376 868 587 947 Dimidiasque
603 873 692 927 uates
709 864 828 927 Gallica
842 867 935 925 braca
948 867 1045 948 tegit,

333 955 477 1016 Pasceris
492 960 526 1014 et
540 954 647 1030 nigrae
663 949 731 1011 solo
747 949 858 1009 nidore
874 950 994 1010 culinae

290 1054 327 1104 10
376 1041 418 1100 Et
431 1038 512 1098 bibis
529 1034 714 1096 immundam
730 1053 798 1094 enm
815 1052 890 1094 caue
908 1053 1023 1114 pronus
1041 1053 1165 1113 aquam:

332 1125 402 1186 Non
417 1122 534 1197 culum,
556 1139 658 1198 neque
673 1121 756 1179 enim
770 1124 820 1178 est
834 1117 938 1197 culus,
966 1119 1018 1196 qni
1031 1137 1094 1178 uon
1109 1125 1195 1179 cacat
1209 1117 1292 1196 olim,

378 1206 441 1268 Sed
456 1204 572 1266 fodiam
588 1203 685 1282 digito
703 1204 756 1280 qui
769 1209 914 1282 superest
929 1201 1059 1264 oculum.

332 1291 399 1352 Nec
414 1309 464 1351 mc
479 1286 656 1369 zelotypum
670 1306 728 1347 nec
743 1285 858 1347 dixeris
875 1306 944 1347 esse
959 1285 1140 1366 malignum:

376 1376 518 1453 Denique
532 1371 678 1454 paedico,
699 1371 908 1444 Mamuriane,
931 1377 1024 1433 satur.

721 1505 826 1567 xclli.

332 1623 478 1684 Fabricio
492 1623 614 1683 iunctus
627 1619 691 1681 fido
705 1621 876 1700 requiescit
890 1621 1045 1699 Aannus,

377 1707 437 1784 Qui
452 1707 539 1787 prior
552 1703 675 1784 Elysias
690 1705 805 1784 gaudet
819 1704 920 1764 adisse
936 1703 1051 1764 domos.

334 1794 399 1852 Ara
414 1788 527 1871 duplex
540 1791 634 1870 primi
648 1794 781 1848 testatur
795 1807 924 1848 munera
937 1787 1009 1869 pili:

377 1873 452 1935 Plus
466 1880 570 1934 tamen
584 1880 649 1951 est,
670 1871 761 1932 titulo
778 1871 861 1951 qnod
878 1872 1022 1931 breviore
1034 1871 1131 1948 legis:

312 1961 468 2022 {adunatus
483 1966 615 2038 uterque
630 1974 719 2017 sacro
736 1956 888 2017 laudatae
900 1956 1027 2029 foedere
1041 1956 1141 2030 vitae,

379 2043 543 2122 Famaque
562 2041 734 2121 quadrare
751 2042 852 2118 novit,
876 2042 995 2100 amicus
1010 2048 1092 2100 erat.

717 2174 824 2236 xclv.

333 2286 473 2349 Cantasti
488 2284 584 2365 male,
607 2284 678 2347 dnm
692 2289 793 2348 fututa
808 2307 859 2366 es,
877 2284 987 2366 Aegle.

335 2372 396 2432 lam
414 2378 518 2431 cantas
533 2373 631 2446 bene;
653 2371 800 2432 basianda
814 2391 877 2431 non
892 2390 934 2432 es.

728 2520 823 2583 XCV.

337 2631 428 2710 Quod
444 2629 554 2691 clamas
570 2649 710 2710 semper,
734 2629 817 2709 quod
831 2632 992 2709 agentibus
1008 2632 1178 2713 obstrepis,
1194 2630 1276 2710 Aeli,

377 2715 447 2776 Non
462 2715 539 2775 facis
553 2716 613 2774 hoc
628 2715 740 2793 gratis:
760 2716 889 2794 accipis,
907 2720 943 2774 nt
956 2720 1069 2777 taceas.

719 2846 828 2911 xcvi.

338 2962 448 3021 Sinon
462 2959 625 3021 molestum
640 2968 689 3021 est
702 2966 798 3041 teque
813 2981 876 3020 non
891 2963 995 3042 piget,
1017 2982 1145 3043 scazon,

336 3044 451 3105 Nostro
466 3064 608 3124 rogamus
624 3065 720 3124 panca
734 3048 829 3106 verba
842 3046 989 3107 Materno

337 3129 429 3189 Dicas
444 3131 477 3189 in
493 3149 598 3190 aurem
612 3130 656 3189 sic
671 3135 706 3189 ut
720 3129 823 3190 audiat
842 3128 935 3191 solus.

335 3214 465 3273 Amator
480 3212 538 3274 ille
552 3214 687 3273 tristium
701 3213 896 3274 lacernarum

314 3297 381 3358 alit
396 3299 567 3358 baeticatus
582 3305 675 3376 atque
688 3297 944 3379 leucophaeatns,

339 3382 399 3459 Qui
415 3384 588 3442 coccinatos
603 3401 666 3441 non
679 3389 768 3461 putat
780 3385 864 3443 viros
881 3400 950 3443 esse

337 3466 634 3545 Amethystinasque
648 3464 814 3526 mulierum
827 3474 917 3526 vocat
929 3471 1047 3543 vestes,

336 3550 445 3609 Nativa
457 3550 581 3629 laudet,
602 3550 716 3610 babeat
730 3558 763 3610 et
776 3550 854 3610 licet
867 3568 991 3630 semper

332 3633 454 3694 Fuscos
473 3632 614 3712 colores,
637 3632 776 3712 galbinos
789 3636 886 3695 habet
898 3652 1010 3695 morea.

294 3717 485 3862 losspgabit,
507 3719 589 3779 unde
608 3720 748 3798 suspicer
756 3719 859 3779 'virum
873 3716 1010 3779 mollem.
1074 3798 1095 3861 ³

374 3820 446 3863 aaa.
