3434 4575
576 461 1001 524 noiomuouuonnm.
1015 461 1079 525 ni.
1165 429 1172 441 ’
1291 462 1354 526 305

794 662 872 724 xcl.

398 777 576 841 Communis
591 777 650 835 tibi
668 796 735 835 oum
750 776 833 852 viro,
856 771 1011 853 Magulla,

399 866 476 925 Cum
491 863 533 922 sit
545 858 679 920 lectulus
695 866 728 918 et
743 860 784 918 sit
798 855 957 935 exoletus,
982 917 985 922 ,

377 1007 380 1013 ,
396 949 516 1024 Quare,
537 942 587 1003 dic
601 944 694 1020 mihi,
716 962 778 1001 non
793 943 834 1001 sit
848 948 881 1000 et
895 943 1045 1004 minister.

361 1067 366 1076 ·
396 1031 557 1110 Suspiras3
577 1028 658 1086 ratio
675 1032 740 1102 est,
761 1028 853 1084 times
867 1023 1017 1103 lagonam.

787 1153 880 1214 xcn.
896 1241 898 1245 γ

386 1270 499 1348 ‚Saepe
518 1287 630 1347 rogare
647 1267 747 1346 soles,
770 1267 868 1346 qualis
885 1270 958 1346 sim,
980 1269 1105 1347 Prisce,
1126 1270 1264 1346 iuturus,

442 1353 475 1412 Si
489 1353 560 1412 tiam
573 1351 714 1431 locuples
729 1353 849 1430 simque
864 1358 997 1430 repente
1011 1358 1132 1431 potens.

397 1439 588 1514 Quemquam
602 1455 694 1515 posse
708 1443 798 1515 putas
814 1452 916 1494 mores
934 1454 1062 1495 narrare
1076 1436 1220 1498 futurosi
1277 1478 1284 1487 -

438 1521 495 1579 Dic
509 1521 600 1598 mihi,
624 1521 650 1579 si
663 1521 718 1579 tias
733 1525 767 1579 tu
783 1519 852 1596 leo,
876 1516 974 1596 qualis
992 1520 1078 1580 eris?

400 1745 465 1820 Qua
479 1728 642 1802 moechuin
654 1741 776 1800 ratione
791 1742 928 1800 basiaret

400 1829 510 1887 Coram
525 1827 656 1902 coniuge
671 1824 814 1904 repperit
827 1823 967 1896 Fabulla,

398 1912 529 1970 Parvum
549 1911 648 1968 basiat
665 1926 762 1986 usque
778 1907 966 1981 morionem3

398 1995 488 2054 Hunc
502 1991 608 2053 multis
623 1993 705 2070 rapit
721 1988 834 2050 osculis
849 1989 1025 2049 madentem

374 2078 554 2140 aMoecnus·
565 2077 724 2157 protinus,
748 2081 781 2134 et
796 2074 859 2135 suis
873 2073 1027 2153 repletum

397 2161 525 2222 Ridenti
543 2161 683 2220 dominae
700 2160 802 2218 statim
817 2159 958 2217 remittit.

398 2247 519 2323 Quanto
534 2247 632 2306 morio
649 2245 746 2304 maior
761 2248 811 2303 est
824 2242 967 2303 maritus!

781 2372 889 2434 xciv.
994 2355 999 2363 '

404 2468 620 2527 Scribebamus
635 2487 727 2549 epos3
750 2472 881 2551 coepisti
896 2473 1050 2531 scribere:
1071 2472 1167 2549 cessi,

443 2549 573 2610 Aemula
587 2570 627 2611 ne
642 2558 761 2613 starent
775 2557 909 2614 carmina
924 2560 1030 2613 nostra
1045 2555 1116 2615 tuis.

401 2634 575 2695 Transtulit
590 2634 629 2695 ad
642 2639 777 2716 tragicos
792 2657 826 2697 se
841 2643 948 2697 nostra
965 2635 1075 2696 Thalia
1091 2638 1272 2704 cothurnos:

441 2720 563 2798 Aptasti
581 2718 705 2799 longum
720 2728 755 2781 tu
771 2740 893 2801 quoque
908 2740 1010 2799 syrma
1022 2720 1089 2780 tibi.

377 2802 469 2863 5Fila
481 2804 569 2882 lyrae
585 2807 665 2864 movi
681 2805 821 2866 calabris
837 2804 959 2864 exculta
974 2804 1132 2864 Camenis:

440 2886 567 2948 Plectra
580 2890 665 2968 rapis
681 2890 790 2965 nobis,
813 2889 993 2965 ambitiose,
1015 2907 1100 2949 nova.

397 2971 554 3033 Audemus
568 2978 703 3032 saturasa
723 2971 859 3032 Lucilius
875 2990 944 3031 esse
957 2967 1089 3032 laboras.

441 3054 529 3116 Ludo
543 3057 629 3117 leves
644 3054 767 3133 elegos:
788 3061 824 3115 tu
840 3074 962 3135 quoque
975 3054 1057 3115 ludis
1072 3054 1164 3116 idem.

399 3138 482 3214 Quid
495 3141 596 3200 minus
608 3132 677 3199 cs'se
694 3140 822 3218 potest?
844 3140 1063 3219 epigrammata
1076 3141 1196 3218 fingere
1212 3143 1302 3221 coepi

355 3233 390 3283 10
439 3224 520 3281 Hinc
535 3226 627 3284 etiam
641 3224 760 3303 petitur
774 3225 833 3284 iam
848 3243 916 3284 mea
929 3221 1030 3302 palma
1044 3224 1110 3281 tibi.

397 3305 503 3383 Elige,
524 3306 597 3385 quid
612 3306 711 3381 nolis;
734 3309 802 3384 quis
819 3309 902 3367 enim
915 3303 1034 3384 pudor,
1056 3306 1156 3365 omnia
1169 3305 1275 3367 velle?

440 3389 482 3447 Et
497 3390 524 3447 si
540 3388 614 3466 quid
630 3409 692 3448 non
706 3390 767 3467 vis,
789 3389 911 3467 Tucca,
932 3386 1078 3467 relinque
1092 3389 1177 3450 mihi.

787 3513 883 3574 XCV.

404 3609 525 3669 Musaei
540 3610 767 3688 pathicissimos
781 3607 924 3688 libellos,

404 3693 462 3768 Qui
479 3700 601 3753 certant
616 3694 797 3773 Sybariticis
812 3692 949 3773 libellis,

444 3777 551 3837 Mann-
1110 3780 1154 3845 20
