3434 4575
577 452 918 513 EPIGRAMMA'I'ON
932 453 1006 515 LIB.
1023 455 1045 515 I.
1290 453 1334 518 19

349 596 442 658 5Non
456 605 586 676 possunt
600 599 667 658 siue
680 596 816 658 mentula
832 597 968 678 placere.

372 679 494 756 Quidni
508 700 558 740 me
571 683 678 741 iubeas
692 681 889 743 talassionem

370 765 486 828 Verbis
499 764 606 825 dicere
620 785 683 825 uon
696 765 896 825 talassiouis‘?

371 849 447 925 Quis
461 846 600 909 Floralia
616 851 710 909 vestit
724 857 757 909 et
770 848 916 909 stolatum
1052 921 1055 931 Ι

369 933 529 993 Permittit
543 934 761 994 meretricibus
774 932 952 1012 pudorem?

327 1028 363 1080 10
369 1017 434 1077 Lex
447 1017 525 1076 haec
540 1018 725 1077 carminibus
740 1015 811 1076 data
825 1024 874 1076 est
890 1019 1017 1097 loconis,

370 1101 418 1160 Ne
432 1102 569 1179 possint,
591 1102 651 1160 nisi
665 1102 825 1180 pruriant,
846 1103 961 1162 iuvare.

372 1186 474 1261 Quare
489 1183 632 1265 deposita
650 1186 818 1244 severitate

369 1269 483 1329 Parcas
496 1268 614 1328 lusibus
631 1275 663 1328 et
676 1269 754 1327 iocis
768 1287 928 1347 rogamus,

369 1351 434 1412 Nec
450 1359 586 1412 castrare
603 1351 680 1412 velis
694 1370 780 1412 meos
794 1350 928 1413 libellos.

305 1452 312 1458 '
327 1435 458 1500 15Gallo
473 1437 594 1516 turpius
608 1442 657 1496 est
671 1434 749 1495 nibiI
764 1437 887 1515 Priapo.

740 1585 879 1647 XXXVI.

371 1713 421 1790 Si,
444 1712 585 1790 Lucane,
606 1713 663 1772 tibi
678 1709 729 1771 vel
743 1713 769 1772 si
783 1715 858 1793 tibi,
883 1714 995 1795 Tulle,
1018 1714 1170 1777 darentur

413 1794 521 1871 Qualia
536 1795 653 1855 Ledaei
667 1796 731 1856 iata
745 1795 884 1858 Lacones
899 1800 1032 1878 babent,

370 1879 490 1940 Nobilis
504 1881 582 1939 haec
596 1886 681 1938 esset
694 1881 821 1958 pietatIs
835 1883 902 1942 rixo
916 1883 1052 1960 duobus,

413 1962 502 2039 Quod
515 1983 573 2044 pro
590 1964 689 2022 matre
704 1965 783 2023 mori
797 1963 895 2026 vellet
907 1974 1040 2045 uterque
1056 1967 1160 2046 prior,

349 2048 502 2110 obiceret
514 2048 653 2108 Infernas
668 2054 701 2107 et
715 2049 767 2126 qui
780 2050 869 2127 prior
885 2051 963 2111 isset
978 2050 1016 2110 ad
1029 2052 1168 2110 umbras:

412 2132 512 2210 „Vise
526 2139 597 2209 tuo,
618 2131 733 2210 frater,
752 2138 911 2214 tempore,
932 2136 1001 2195 vive
1015 2135 1116 2196 meo.“

736 2280 888 2344 XXXVII.

376 2394 506 2457 Ventris
521 2411 598 2451 onus
612 2393 742 2472 misero,
764 2412 823 2454 nec
836 2401 869 2454 te
883 2395 998 2477 pudet,
1020 2398 1136 2477 excipis
1152 2413 1246 2472 ruro,

413 2480 523 2553 Basse,
545 2477 624 2536 bibis
638 2478 735 2537 vitro:
759 2479 859 2538 corius
874 2498 948 2559 ergo
965 2500 1059 2541 cacas.

731 2625 896 2687 XXXVIII.

372 2753 470 2828 Quem
485 2752 598 2811 recitas
611 2769 697 2811 meus
713 2756 778 2829 est,
795 2750 1012 2830 allidentiue,
1033 2751 1159 2814 libellus
1167 2773 1179 2811 ι·

414 2835 478 2896 Sed
493 2833 573 2896 male
588 2855 657 2895 cum
673 2835 804 2912 recitas,
824 2836 935 2916 incipit
950 2855 1019 2897 esse
1033 2844 1112 2899 tuus.

739 2982 877 3045 XXXIX.

371 3097 404 3157 Si
420 3099 489 3177 quis
503 3100 565 3159 erit
579 3119 666 3160 raros
683 3100 767 3159 inter
782 3097 989 3160 numerandus
1004 3100 1132 3177 amicos,

413 3180 527 3258 Quales
542 3185 645 3264 prisca
660 3182 739 3242 fldes
752 3183 894 3262 famaque
910 3186 996 3244 novit
1010 3203 1101 3261 auus,

369 3265 402 3325 Si
418 3268 486 3345 quis
499 3267 669 3347 Cecropiae
684 3266 822 3327 madidus
835 3267 1004 3346 Latiaeque
1015 3268 1175 3327 MInervae

412 3352 540 3411 Artibus
555 3356 588 3411 et
600 3369 673 3411 vera
687 3350 885 3431 simplicitate
902 3353 1016 3428 bouus,

353 3434 411 3495 tsi
427 3436 495 3514 quis
511 3437 573 3495 erit
587 3436 667 3495 recti
682 3441 800 3512 custos,
822 3435 951 3495 mirator
967 3434 1092 3494 honesti

412 3520 454 3578 Et
469 3517 548 3578 nibil
562 3538 672 3579 arcano
688 3520 739 3597 qui
753 3525 845 3597 roget
862 3538 917 3579 ore
933 3515 1025 3596 deos,

372 3602 406 3662 Si
422 3604 489 3680 quis
504 3604 567 3662 erit
580 3621 707 3681 magnae
723 3603 868 3663 subnixus
882 3604 998 3663 robore
1012 3600 1143 3661 mentIsa
1201 3632 1208 3645 ·

413 3687 608 3767 Dispeream,
633 3689 659 3746 si
674 3706 737 3747 nou
749 3688 801 3746 hic
815 3687 968 3747 Decianus
983 3685 1062 3756 erIt.¹
1075 3766 1119 3807 Μ

1074 3806 1095 3828 ι.
