3434 4575
534 454 874 515 EPIGRAMMATON
887 456 960 516 LlB.
977 457 1028 518 XI.
1239 457 1300 523 261

387 610 501 671 Balcia
516 610 697 687 constitnit,
711 629 745 669 ae
759 629 881 688 quoque
896 611 945 668 uti
956 609 1091 681 futuam.

321 693 491 756 albinium
503 712 562 772 ego
577 702 614 752 nt
624 693 777 768 futuam?
796 692 872 772 qnid
884 694 913 751 ai
927 713 976 752 me
991 692 1116 754 Manias
1132 703 1216 773 oret,

386 777 566 852 Pandionem,
581 777 717 847 lucium?
731 796 794 836 non
804 784 903 855 puto,
919 779 947 835 ai
957 779 1088 854 sopiam.

345 866 435 941 „Aut
449 861 557 938 fatue,
571 867 628 919 unt
640 859 842 940 pugneraua“
857 863 909 919 ait
943 859 1039 938 Quid,
1057 863 1142 940 quod
1153 862 1228 923 milti
1239 863 1302 924 citu

390 945 499 1005 Carior
515 951 562 1003 est
578 951 646 1022 ipsu
659 945 821 1004 mentula?
849 941 951 1024 Signa
965 948 1104 1004 canant!

344 1027 487 1089 Absolvis
504 1026 627 1106 lepidos
642 1028 802 1104 nimirum,
824 1028 980 1105 Auguste,
1001 1025 1144 1107 libellos,

303 1123 338 1174 10
387 1113 446 1187 Qui
462 1113 522 1170 scis
537 1113 673 1170 Romana
687 1108 886 1190 simplicitate
901 1108 998 1189 loqui.

741 1243 820 1306 XXI.

345 1355 444 1435 Lydia
458 1361 520 1414 tam
533 1352 602 1415 laxa
617 1362 681 1434 est,
704 1357 818 1435 equitis
834 1375 923 1434 quam
938 1353 1025 1416 culus
1041 1359 1148 1436 aheni,

389 1440 485 1514 Quam
500 1437 585 1498 celer
602 1446 709 1518 arguto
726 1441 778 1518 qui
794 1446 883 1499 sonat
898 1458 970 1499 aere
986 1441 1129 1516 trochus3

344 1526 440 1600 Quam
455 1530 524 1583 rota
539 1524 718 1583 transmisso
735 1526 850 1583 totiens
865 1525 981 1583 intaeta
996 1530 1143 1603 petauro,

386 1609 483 1683 Quam
497 1612 585 1667 vetus
601 1629 618 1667 a
633 1627 735 1667 crassa
751 1606 872 1666 calceus
888 1606 966 1667 udus
981 1627 1075 1685 aqna;

323 1692 443 1766 aquam
459 1710 537 1769 quae
551 1711 622 1751 rara
636 1710 728 1769 vagos
743 1696 909 1770 expectant
922 1692 1003 1750 retia
1017 1692 1143 1771 turdos,

386 1776 482 1850 Quam
497 1775 685 1854 Pompeiano
701 1772 770 1832 vela
783 1780 893 1851 negata
906 1772 1004 1846 Not03

345 1858 439 1934 Quam
455 1877 533 1936 qnae
550 1856 589 1917 de
603 1858 759 1937 phthisico
773 1856 858 1935 lapsa
874 1862 922 1916 est
939 1855 1059 1918 armilla
1074 1859 1220 1936 cinaedo,

386 1941 506 2001 Culcita
519 1941 694 2001 Leuconico
711 1960 800 2017 quarn
815 1938 939 1999 viduata
953 1959 1025 2014 sno,

346 2027 440 2101 Quam
455 2031 579 2085 veteres
594 2026 705 2084 bracae
721 2024 1018 2103 Britonispauperia
1035 2032 1068 2086 et
1083 2046 1170 2104 quam

302 2120 336 2171 10
385 2109 492 2190 Turpe
506 2110 693 2168 Ravennatis
708 2114 814 2185 guttur
828 2104 1009 2168 onocrotali.

342 2194 430 2252 Hanc
446 2196 479 2252 in
493 2195 612 2273 piscina
628 2191 714 2251 dicor
729 2191 860 2251 futuisse
876 2191 1000 2251 marina.

385 2278 513 2351 Nescio;
534 2278 682 2357 piscinam
697 2295 746 2335 me
760 2276 892 2336 futuisse
906 2282 991 2356 pnto.

735 2420 829 2482 XXII.

343 2524 454 2587 Mollia
472 2528 554 2606 quod
568 2530 650 2589 nivei
665 2529 741 2590 duro
757 2533 834 2591 teris
850 2549 905 2590 ore
921 2530 1045 2591 Galaen

387 2611 495 2690 Basia,
516 2612 599 2689 quod
612 2612 695 2674 nudo
711 2634 780 2674 cum
795 2612 974 2691 Ganymede
989 2616 1090 2689 iaces,

342 2727 386 2741 -
405 2697 480 2771 Quis
505 2698 620 2776 negati
644 2732 687 2742 —
710 2699 771 2758 hoc
797 2699 923 2757 nimium
950 2703 1007 2760 est.
1058 2696 1121 2756 Sed
1146 2698 1186 2757 sit
1210 2699 1304 2767 satias

614 2784 739 2860 inguina
753 2779 864 2841 saltem

385 2863 483 2923 Parce
498 2863 640 2926 fututrici
654 2864 826 2925 sollicitare
842 2883 941 2924 manu.

322 2945 477 3007 alteribus
490 2949 523 3008 in
537 2950 643 3027 pueris
658 2948 728 3028 plus
742 2949 835 3025 haec,
858 2968 948 3027 quam
961 2946 1116 3026 mentula,
1137 2953 1264 3029 peccat,

383 3031 426 3090 nt
440 3032 558 3091 faciunt
572 3032 662 3109 digiti
678 3032 947 3111 praecipitantque
962 3033 1069 3094 virum.

341 3114 416 3173 lude
431 3122 536 3193 tragus
553 3113 736 3192 celeresque
749 3115 806 3196 pili
820 3116 1019 3194 mirandaque
1037 3118 1127 3177 matri

383 3197 499 3276 Barba,
522 3217 580 3258 nec
595 3200 627 3258 in
641 3196 723 3258 clara
737 3199 849 3259 balnea
862 3198 934 3259 luce
950 3197 1086 3279 placent.

341 3282 452 3341 Divisit
464 3286 574 3341 natura
588 3302 718 3343 marem:
740 3303 812 3362 pars
829 3304 889 3342 una
904 3281 1034 3362 puellis,

299 3376 334 3426 10
381 3366 450 3423 Una
464 3366 539 3423 viris
555 3368 659 3442 genita
674 3373 731 3427 est.
759 3366 858 3425 Utere
874 3370 963 3444 parte
979 3370 1039 3425 tua.

728 3498 835 3558 XXlll.

340 3606 468 3666 Nubere
484 3605 548 3667 Sila
561 3608 636 3666 milri
651 3606 736 3667 nulla
750 3627 812 3667 non
827 3605 900 3686 lege
915 3583 1021 3687 parata
1036 3616 1102 3683 est;

384 3688 448 3750 Sed
464 3689 558 3750 Silam
572 3689 656 3751 nulla
671 3689 786 3751 ducere
799 3688 873 3771 lege
888 3689 967 3752 volo.
