3434 4575
703 487 912 536 reatuum.
1241 487 1303 536 xm

321 645 351 699 79
360 669 390 680 -
402 643 466 710 57);
482 638 570 696 deiude
586 638 642 709 quia
654 635 827 692 Graeeadorum
838 634 988 708 aliommque
1003 635 1157 692 barbarorum
1175 635 1226 692 sola
1243 637 1304 708 apud

321 732 426 796 potentes
436 734 510 797 atque
521 724 650 794 opulentos
663 722 773 778 homines
788 721 918 774 aucteritas
927 727 1014 791 regnet
1026 722 1059 786 (r.
1074 722 1242 790 58-125):
1253 731 1305 776 tum

320 811 370 881 qnia
381 811 419 865 rel
430 810 495 864 iuter
504 809 571 864 eires
581 807 662 863 omnia
672 806 808 862 divitiarum
819 813 843 858 et
853 806 970 874 pecuniae
986 820 1098 860 mensura
1109 813 1251 862 censeantur
1261 823 1306 862 uec

320 895 414 965 pauperi
430 908 535 965 usquam
549 899 592 948 aut
613 892 683 947 loorrs
700 898 743 946 aut
758 889 818 945 fides
836 898 931 944 constet
949 890 986 954 (ν.
1002 893 1052 947 126
1062 917 1096 928 —
1108 893 1187 959 189);
1203 891 1306 963 denique

319 980 369 1050 quia
381 993 414 1034 ue
425 980 475 1033 vita
486 978 584 1048 quidem
595 987 636 1032 aut
646 974 758 1031 valetudo
770 974 900 1029 innumeris
909 972 1022 1044 perieulis
1031 981 1108 1038 racel,
1117 990 1219 1046 quorum
1231 990 1304 1048 quum

319 1064 426 1134 prinoeps
438 1065 463 1119 iu
477 1063 553 1117 ruinis
563 1068 635 1133 atque
653 1060 768 1115 incendiis
779 1058 943 1114 aedificiorum
955 1067 1064 1113 rematur
1077 1059 1111 1121 (r.
1127 1063 1176 1116 190
1187 1087 1217 1098 -
1231 1066 1303 1122 aul).

318 1156 385 1218 poeta
397 1147 448 1203 boe
463 1161 561 1219 quoque
578 1147 601 1200 in
619 1156 710 1218 genere
721 1144 864 1198 deteriorem
881 1158 1013 1214 pauperum
1027 1143 1189 1198 conditionem
1205 1145 1241 1210 (r.
1253 1149 1304 1202 203

318 1235 425 1297 422)
437 1231 638 1302 municipalisque
649 1229 795 1300 imgalitatis
807 1229 976 1298 praestantiam
987 1230 1059 1282 iactat
1072 1229 1099 1294 (v
1124 1231 1176 1286 223
1185 1257 1221 1268 -
1229 1233 1303 1294 231),

318 1317 371 1372 hinc
385 1332 445 1371 vero
457 1316 487 1370 ad
499 1315 585 1370 urbem
607 1329 717 1370 reversus
734 1314 825 1369 riamm
843 1313 971 1382 strepitum
987 1313 1159 1384 angustiasque
1176 1313 1304 1369 laborantia

318 1402 400 1456 turbae
412 1401 450 1466 (v.
461 1403 514 1457 232
525 1427 560 1440 --
569 1401 643 1466 253),
655 1399 731 1453 immo
741 1406 768 1452 et
777 1398 880 1452 restium
892 1405 917 1451 et
927 1397 1091 1452 membrorum
1100 1397 1237 1452 discrimina
1248 1414 1303 1453 cum
1399 1398 1404 1410 “

319 1487 441 1540 hominurn
459 1500 490 1540 ac
501 1485 662 1555 plaustrorum
677 1498 797 1537 concursu
807 1482 936 1537 coniuncta
954 1482 1068 1553 graphice
1080 1481 1191 1536 describit
1205 1485 1239 1547 (r.
1253 1487 1303 1538 254

322 1601 355 1610 -
363 1572 428 1637 267)
446 1584 494 1624 uec
505 1570 597 1624 minora
607 1569 687 1623 noctis
698 1567 803 1638 pericula
816 1567 853 1622 rel
866 1583 879 1621 a
889 1582 1002 1622 vasorum
1013 1583 1069 1620 casu
1082 1574 1108 1631 (v
1129 1571 1182 1624 ade
1190 1598 1230 1606 -—
1237 1569 1303 1635 ull)

319 1655 352 1708 rel
364 1653 525 1710 abebrinrum
536 1653 667 1724 petulantia
674 1653 712 1717 (u.
720 1652 923 1719 ild—301)rel
936 1666 948 1705 a
959 1659 1123 1722 grassatorum
1134 1652 1225 1722 impetu
1236 1666 1303 1723 repe

319 1742 346 1792 tit
356 1741 392 1804 (v.
404 1741 584 1807 ἔπη-314»
596 1752 681 1792 omues
693 1745 774 1792 autem
789 1743 869 1806 partes
879 1745 916 1790 tet
927 1736 1076 1806 singulamm
1089 1736 1223 1806 imaginum
1234 1737 1303 1792 lumi·

319 1823 385 1877 nibus
395 1823 586 1894 facetiammqare
603 1822 693 1877 aculeis
703 1821 825 1882 distinxit.
838 1827 867 1875 ut
881 1821 941 1874 baec
951 1820 1022 1874 satira
1040 1820 1110 1875 facile
1127 1820 1232 1890 primam
1242 1821 1303 1876 iuter

322 1908 418 1979 reliquas
430 1907 533 1962 auferat.
563 1905 667 1972 θυσία
677 1906 851 1968 oeconomiam
865 1919 926 1976 quae
940 1905 1018 1976 primo
1029 1911 1127 1975 aspectu
1139 1904 1304 1960 innouciuuior

320 1991 387 2046 rideri
404 1992 497 2062 possit,
514 1992 574 2045 scite
586 1991 692 2046 defendit
703 1989 894 2062 ngelsbacbius
904 1990 927 2043 in
939 1988 1024 2043 Philol.
1037 1988 1064 2044 Τ.
1078 1988 1123 2050 ill.
1137 2005 1160 2059 p.
1172 1992 1225 2047 469
1235 2006 1302 2062 sqqs

318 2077 383 2131 erius
393 2091 470 2148 quum
481 2077 547 2146 prior
557 2092 612 2147 pars
624 2079 659 2141 (v.
672 2078 778 2143 1-33)
790 2076 814 2130 iu
821 2073 924 2146 Crispini
937 2075 983 2128 iarn
994 2073 1044 2129 Sat.
1058 2072 1073 2128 l.
1087 2074 1121 2131 bi
1131 2075 1215 2140 nunti,
1229 2075 1301 2130 altera

317 2161 425 2230 inipsius
437 2159 568 2215 Domitiani
580 2159 765 2231 reprehensione
773 2166 897 2228 versetur,
912 2159 978 2216 illam
995 2159 1124 2214 commode
1140 2174 1196 2214 cum
1208 2159 1300 2230 praefa-

318 2245 420 2301 tionibus
440 2246 492 2301 sire
513 2246 674 2311 apeteliote
695 2243 886 2316 comparaveris,
912 2243 1000 2317 quibus
1021 2244 1150 2299 recitantes
1166 2244 1205 2299 rel
1222 2244 1301 2301 decla·

317 2338 406 2384 mantes
418 2330 556 2386 auditorum
567 2332 659 2385 animos
674 2331 703 2385 ad
714 2331 821 2401 ipsomm
833 2337 973 2400 poematum
984 2330 1148 2384 orationumve
1159 2338 1301 2400 argumenta

317 2430 457 2485 praeparare
467 2414 593 2475 solebant;
617 2416 662 2470 nisi
673 2415 738 2486 quod
755 2429 820 2469 nuno
831 2422 902 2486 poeta
913 2414 1006 2470 Musam
1021 2421 1076 2484 post
1089 2415 1260 2484 praefationem
1271 2413 1300 2469 ad

315 2500 443 2553 ‹licerdum
454 2508 622 2570 assurgentem
634 2500 760 2555 considere
774 2498 848 2563 iubet,
864 2498 919 2571 quia
928 2514 977 2554 nou
987 2498 1066 2555 fabula
1077 2499 1120 2553 sed
1132 2515 1170 2553 res
1180 2514 1236 2553 vera
1247 2515 1301 2553 nar·

316 2594 379 2637 retur
391 2584 428 2648 (r.
440 2584 476 2638 dl
486 2612 519 2621 -
532 2587 587 2647 36).
614 2583 679 2638 llaec
689 2593 770 2639 autem
782 2584 806 2639 iu
816 2583 907 2641 Albana
917 2582 1047 2639 Domitiani
1061 2598 1116 2637 arce
1131 2585 1218 2654 agitur,
1232 2585 1301 2638 euius

315 2683 389 2737 nuper
400 2665 513 2739 reliquias
524 2669 625 2723 feliciter
636 2669 769 2739 repperime
780 2669 881 2724 traditur
892 2666 956 2723 Rosa
968 2668 1113 2723 architectus
1125 2666 1197 2723 italus
1208 2668 1231 2722 in
1242 2666 1301 2723 Ger·

316 2752 379 2807 hard.
394 2750 455 2821 ilpb.
469 2752 587 2809 arebaool.
609 2756 689 2815 1852.
702 2768 726 2823 p.
739 2756 790 2810 241
808 2761 833 2808 et
849 2752 913 2809 Rull.
928 2754 982 2808 dell’
995 2752 1071 2808 lustit.
1083 2752 1148 2807 arch.
1161 2754 1236 2815 1853.
1249 2756 1301 2823 μδ

315 2853 379 2907 equs
396 2836 439 2892 ubi
450 2853 524 2907 quum
540 2838 645 2907 piscator
660 2837 824 2892 llunouilanus
841 2853 908 2893 rarae
926 2837 1099 2910 magnitudinis
1115 2836 1242 2893 rhombum
1255 2838 1300 2891 im·

316 2922 417 2989 peratori
429 2921 493 2977 deun
505 2922 633 2977 obtulisset
643 2921 680 2989 (r.
689 2924 723 2977 37
735 2949 770 2961 -
781 2924 837 2989 71),
848 2921 889 2976 hic
901 2921 1047 2993 reipublicae
1063 2936 1175 2992 proceres
1186 2923 1301 2994 aulaeque

316 3006 434 3076 principes
446 3007 471 3061 iu
487 3007 615 3061 consilium
627 3006 751 3061 advocavit
762 3006 943 3068 deliberaturos.
962 3007 1024 3077 quali
1037 3007 1116 3076 patina
1128 3006 1218 3078 piscem
1230 3006 1300 3077 coqui

315 3097 436 3159 oporteret
453 3092 488 3156 (r.
509 3092 671 3160 72—149),
683 3091 802 3162 huiusque
819 3091 914 3147 consilii
929 3091 1018 3161 speeie·
1028 3090 1145 3146 luvenalis
1164 3092 1228 3161 ipsos
1247 3091 1300 3145 illos

314 3174 422 3229 homiues
438 3174 754 3247 nominatimdepiugendo
764 3175 802 3231 rel
814 3175 978 3231 millissimum
999 3185 1169 3247 argumentum
1187 3175 1300 3245 praeclari

314 3254 403 3329 ingenii
419 3260 510 3314 uirtute
529 3259 779 3329 insplendidissimam
796 3266 933 3330 temporum
955 3261 1086 3331 imaginem
1106 3260 1212 3314 oonrerti
1231 3274 1301 3328 posse
1342 3296 1343 3299 ,

315 3342 425 3400 ostendit.
459 3342 563 3409 Meloe
579 3344 666 3399 satirae
684 3344 845 3415 principaliter
864 3346 910 3398 hoe
929 3346 1078 3416 propositum
1096 3351 1146 3406 est.
1165 3351 1193 3397 ut
1204 3343 1301 3414 ancipiti

316 3442 427 3492 mosum,
441 3429 506 3499 quali
518 3429 660 3499 plenamque
672 3428 789 3484 luvenalis
801 3430 884 3493 ulitur,
896 3429 1066 3500 opulentomm
1076 3428 1202 3483 hominum
1217 3428 1302 3484 sordes

315 3518 339 3565 et
348 3512 465 3568 ebmmm
474 3513 592 3567 vilitatem
601 3521 674 3577 taxet
687 3513 728 3585 qui
739 3528 814 3585 quum
826 3506 914 3569 ab'illis
925 3514 955 3569 ad
961 3528 1062 3569 coenam
1074 3511 1172 3567 adhibiti
1184 3510 1301 3584 indiguis·

315 3595 371 3650 sima
382 3597 553 3668 inaequalitate
563 3605 709 3663 maetemur,
725 3606 806 3652 tamen
827 3605 852 3652 et
863 3598 906 3653 has
921 3599 1018 3653 iniurias
1034 3604 1058 3652 et
1075 3598 1164 3667 reliqua
1178 3597 1301 3651 clientelae

316 3680 466 3739 mumma
479 3682 553 3752 ipsius
566 3696 656 3736 coenae
665 3682 774 3753 quamvis
784 3697 851 3737 rarae
861 3698 905 3753 spe
916 3683 999 3753 aequis
1009 3682 1096 3737 auimis
1107 3681 1198 3741 lerant:
1218 3684 1299 3737 eadem

315 3766 412 3823 med
425 3781 454 3822 ea
461 3765 645 3838 reautiquitatis
651 3767 788 3823 studiosum
798 3766 916 3830 advertit,
930 3766 985 3837 quia
994 3767 1081 3821 reter'u
1092 3782 1182 3823 comae
1192 3769 1299 3823 ordinem

315 3846 423 3921 terune
433 3851 541 3907 denam
555 3859 664 3921 sequatur
678 3850 881 3922 siragulorumque
897 3848 1044 3906 iaculorum
1061 3852 1127 3907 reiut
1136 3856 1205 3907 actm
1214 3856 1300 3921 poetae
