3434 4575
451 455 493 518 76
799 465 835 512 υ.
855 464 928 512 ron.
949 464 1136 512 novounnrs

453 609 586 687 llospes,
611 618 640 668 et
663 609 726 686 ipse
748 614 842 666 tamen
865 607 1037 682 contingens
1059 607 1198 682 sanguine
1223 607 1352 666 coelum

456 691 537 755 Alter
559 693 658 771 aquis,
683 691 757 751 alter
780 689 900 750 dammis
924 690 959 750 ad
982 691 1079 750 sidera
1101 690 1215 749 missus.

453 776 575 837 Feronia
600 794 675 836 nunc
700 775 766 835 andi
789 774 875 835 nullis
899 783 1001 835 ornata
1022 773 1164 835 macellis.

453 861 497 921 lle
521 860 671 921 Tiburtino
694 860 792 919 veniet
814 859 1019 937 pinguissimus
1044 876 1116 936 agro
1406 871 1439 925 ⁶5

453 944 598 1006 llaednlus
621 954 651 1005 et
673 954 734 1004 toto
759 962 854 1022 grege
877 943 1010 1019 mollior,
1035 943 1143 1003 inscius
1165 943 1286 1017 herbae,

350 1056 354 1061 ·
452 1028 583 1090 Necdum
602 1047 689 1090 ausus
711 1028 809 1106 virgas
831 1028 945 1088 humilis
969 1026 1105 1087 mordere
1125 1025 1232 1101 salicti,

453 1113 508 1187 Qui
530 1113 595 1193 plus
619 1113 703 1174 lactis
728 1112 816 1173 babet
839 1131 925 1192 quam
950 1113 1112 1190 sanguinis,
1139 1120 1169 1171 et
1189 1114 1314 1172 montani

451 1199 613 1277 Asparagi,
638 1199 734 1276 posito
758 1213 834 1276 qnos
860 1197 934 1274 legit
967 1197 1053 1256 vilica
1080 1196 1160 1260 iuso:

453 1283 577 1344 Grandia
603 1291 758 1361 praeterea
782 1290 920 1360 tortoque
945 1280 1069 1342 calentia
1092 1280 1181 1339 foeno

452 1366 513 1427 Ora
537 1367 640 1426 adsunt
664 1367 736 1444 ipsis
759 1382 821 1425 cum
847 1366 1002 1441 matribus,
1030 1375 1058 1424 et
1081 1372 1215 1424 servatae

452 1450 537 1511 Parte
564 1451 645 1525 anni,
670 1448 773 1529 quales
798 1448 912 1509 fuerant
937 1451 964 1508 in
990 1449 1114 1524 vitibus,
1136 1467 1221 1522 uvae,

452 1535 598 1612 Signinum
624 1535 797 1614 Syriumque
819 1535 930 1612 pirum,
953 1534 989 1594 de
1014 1531 1152 1594 corbibus
1175 1533 1266 1593 isdem

454 1619 575 1680 Aemula
601 1618 713 1679 Picenis
740 1627 771 1678 et
792 1619 894 1680 odoris
918 1618 992 1679 mala
1016 1617 1154 1693 recentis,

452 1701 515 1763 Neo
534 1703 686 1763 metuenda
708 1701 760 1762 tibi
768 1748 777 1778 ,
801 1703 941 1764 siccatum
964 1702 1075 1781 frigore
1099 1711 1251 1780 postquam

454 1788 621 1848 Autumnum
650 1797 679 1847 et
701 1788 782 1848 crudi
804 1804 933 1867 posuere
960 1787 1090 1866 pericula
1115 1789 1205 1846 succi.

453 1871 533 1934 llaec
557 1872 625 1933 olim
647 1873 739 1932 nostri
761 1874 816 1932 iam
839 1872 988 1933 luxuriosa
1011 1881 1129 1932 senatus

453 1955 552 2017 Coena
578 1957 644 2017 luit:
668 1955 789 2034 Curius,
815 1975 907 2035 parvo
932 1975 1007 2036 quae
1030 1956 1144 2033 legerat
1170 1954 1265 2027 borto,

453 2041 520 2119 lpse
546 2040 621 2100 iocis
644 2041 781 2101 brevibus
807 2040 936 2120 ponebat
957 2040 1106 2114 oluscula,
1132 2056 1301 2118 quaenunt:

452 2125 606 2203 Squalidus
632 2127 659 2184 in
686 2143 787 2202 magna
810 2125 917 2185 fastidit
940 2124 1082 2202 compede
1107 2122 1214 2196 fossor,

452 2206 508 2282 Qui
532 2211 678 2284 meminit,
703 2209 815 2269 calidae
837 2209 932 2286 sapiat
954 2208 1021 2287 qnid
1044 2207 1128 2267 vulva
1151 2208 1285 2285 popinae.

452 2294 529 2353 Sicci
557 2303 641 2372 terga
666 2296 743 2370 suis,
769 2311 833 2353 rara
856 2293 1013 2371 pendentia
1039 2302 1130 2367 crate,

452 2376 540 2437 bloris
567 2388 631 2439 erat
656 2378 798 2456 qnondam
827 2377 913 2438 iestis
935 2395 1055 2437 servare
1077 2376 1181 2436 diebus

451 2460 488 2523 Et
515 2462 678 2523 natalicium
703 2463 834 2540 cognatis
857 2480 970 2541 ponere
994 2462 1115 2537 lardum,

454 2545 625 2607 accedente
651 2563 742 2622 nova,
765 2546 898 2625 siquam
922 2546 1008 2606 dabat
1033 2545 1142 2622 hostia,
1170 2562 1267 2605 carne.

452 2627 647 2708 Cognatorum
675 2631 780 2710 aliquis
804 2631 886 2691 titulo
912 2640 957 2691 ter
983 2630 1112 2691 consulis
1135 2638 1221 2708 atque

452 2712 619 2776 Castrorum
646 2716 776 2794 imperiis
799 2725 829 2776 et
850 2716 1001 2777 dictatoris
1027 2715 1139 2775 bonore

453 2797 578 2859 Functus
603 2799 638 2858 ad
662 2799 714 2860 bas
741 2800 843 2879 epolas
865 2801 951 2861 solito
974 2802 1110 2860 maturius
1134 2798 1203 2873 ibat,

453 2881 588 2943 Eiectum
608 2884 716 2944 domito
740 2886 876 2945 referens
898 2903 914 2945 a
936 2895 1034 2945 monte
1052 2885 1190 2961 ligonem.

452 2967 545 3041 Quum
567 2977 724 3029 tremerent
745 2978 839 3029 antem
862 2968 970 3029 Fabios
994 2969 1152 3048 durumque
1176 2965 1315 3026 Catonem

454 3050 488 3111 llt
510 3053 638 3112 Scauros
662 3061 692 3112 et
712 3051 881 3130 Fabricios,
902 3063 1051 3132 postremo
1074 3069 1198 3113 severos

453 3133 593 3197 Censoris
612 3155 710 3198 mores
733 3138 819 3197 etiam
837 3137 955 3217 collega
977 3139 1102 3214 timeret,

453 3219 545 3281 Nemo
565 3221 641 3281 inter
662 3239 746 3282 coras
769 3231 799 3281 et
820 3224 898 3284 seria
922 3222 1001 3283 duxit
1018 3222 1192 3298 babendum,

455 3304 556 3377 Qualis
577 3306 604 3364 in
627 3304 746 3367 Oceano
767 3305 854 3367 doctu
875 3308 991 3369 testudo
1011 3317 1133 3381 nataret,

455 3387 571 3450 Clarum
597 3389 771 3469 Troiugenis
790 3391 902 3453 lactura
930 3400 959 3451 et
983 3392 1082 3453 nobile
1109 3391 1248 3464 fulcrum;

455 3474 514 3535 Sed
535 3475 612 3535 nodo
634 3475 728 3537 latere
751 3486 780 3536 et
802 3477 900 3554 parvis
923 3475 1004 3536 irons
1024 3495 1111 3536 aerea
1135 3476 1221 3536 lectis

455 3558 522 3619 Vile
544 3561 674 3620 coronati
697 3569 783 3639 caput
802 3560 976 3621 ostendebat
997 3561 1093 3635 aselli,

457 3642 501 3702 ild
526 3645 603 3722 quod
626 3646 727 3706 lascivi
750 3644 887 3706 indebant
912 3646 986 3705 ruris
1009 3646 1123 3706 alumni.

456 3725 544 3788 Tales
569 3747 642 3807 ergo
669 3730 727 3790 cibi
734 3774 742 3806 ,
766 3728 859 3808 qualis
883 3728 983 3790 domus
1007 3739 1093 3810 atque
1115 3730 1260 3810 supellex.
