3434 4575
441 453 503 507 xv}
843 457 1051 507 PRAEFATIO.

443 611 571 672 clarabit
584 612 758 698 mercatoria
778 614 951 687 avaritiam,
975 634 1053 694 quae
1075 624 1176 674 tamen
1198 624 1314 674 tentum
1335 616 1421 675 abest

441 706 475 755 ut
491 703 604 755 certum
620 703 762 755 eventum
775 696 897 769 habeat,
914 707 947 756 ut
961 697 1044 756 haud
1059 719 1127 757 raro
1143 700 1266 776 majoris
1277 700 1354 758 lucri
1370 721 1420 759 cu·

441 779 545 858 pidine
561 799 628 839 eam
641 780 802 858 pecuniam
811 779 935 859 perdat,
950 801 1010 862 qua
1024 781 1141 841 modico
1152 783 1257 841 fenore
1273 783 1421 842 collocata

443 862 495 923 diu
509 883 616 923 secure
630 863 689 922 frui
702 865 861 942 potuisset.
879 897 920 907 -
934 865 973 924 V.
991 863 1051 925 159
1065 875 1110 922 ast
1123 866 1260 944 plurimi,
1277 866 1358 946 quod
1370 867 1420 926 vel

441 955 752 1028 nonsequentetamen
764 967 818 1007 suo
831 949 1121 1027 jureponipoterat3
1137 951 1195 1008 hoc
1210 959 1421 1029 sequentenec

441 1032 491 1091 bic
511 1051 570 1091 nec
591 1031 634 1090 Π.
657 1029 697 1090 48
719 1031 809 1090 video
835 1051 888 1090 cur
909 1031 1053 1110 languido
1075 1043 1101 1090 et
1121 1032 1219 1092 cedat.
1241 1066 1283 1076 -
1303 1034 1342 1092 V.
1362 1033 1421 1092 172

441 1134 574 1175 accersor
588 1135 642 1194 pro
658 1123 784 1173 arcessat
795 1113 897 1188 libris,
918 1117 970 1196 qni
984 1116 1049 1175 fere
1071 1136 1173 1175 omnes
1194 1118 1321 1196 primam
1339 1126 1420 1176 certe

441 1219 603 1280 personam
619 1199 756 1272 offerunt,
768 1218 882 1277 negare
897 1199 920 1258 J
921 1200 1028 1260 ahnius
1043 1220 1103 1258 non
1121 1199 1267 1259 debebat:
1283 1221 1354 1259 mox
1368 1220 1420 1259 au-

441 1294 503 1344 tem
520 1304 550 1342 v.
569 1283 627 1342 174
641 1286 753 1340 maras
766 1300 818 1340 nec
837 1302 911 1341 nunc
930 1304 984 1362 pro
1006 1289 1108 1341 esteris
1130 1291 1160 1343 et
1177 1301 1212 1341 ne
1231 1303 1304 1342 nuno
1324 1284 1421 1344 eidem

443 1388 510 1427 cum
523 1366 699 1443 Ladewigio
715 1375 745 1426 et
765 1365 907 1425 Scheibio
929 1388 964 1427 eo
980 1368 1099 1426 facilius
1117 1367 1266 1440 concedo,
1284 1388 1343 1448 quo
1358 1387 1420 1426 ma·

441 1452 487 1530 gis
508 1450 630 1508 Horatii
655 1469 775 1529 quoque
800 1450 931 1509 editores
952 1452 984 1508 in
1004 1451 1070 1510 loco
1091 1453 1210 1528 gemino
1232 1449 1295 1510 Sat.
1318 1452 1368 1509 H.
1392 1451 1420 1511 3.

443 1531 504 1594 262
520 1533 667 1602 vacillare
682 1533 788 1609 video;
812 1533 850 1592 cf.
875 1534 986 1594 Philol.
1004 1535 1041 1607 V,
1059 1554 1089 1612 p.
1108 1533 1176 1593 133.
1193 1567 1235 1577 -
1250 1534 1313 1594 Sat.
1330 1536 1385 1595 VI.
1402 1534 1420 1594 9

442 1623 591 1693 cognoscite
601 1637 656 1697 pro
671 1634 834 1692 cognoscere
843 1637 911 1676 cum
922 1617 1027 1677 eodem
1041 1618 1145 1696 recepi
1155 1627 1279 1697 propter
1290 1639 1421 1700 sequens

437 1704 524 1779 jubet,
540 1700 622 1782 quod
635 1702 847 1780 imperativum
861 1699 999 1780 respicit3
1018 1700 1129 1761 ibidem
1144 1722 1217 1761 vero
1229 1724 1259 1760 v.
1280 1702 1298 1762 6
1312 1702 1421 1782 quode

443 1785 548 1846 codice
565 1784 664 1863 Lugd.
691 1785 799 1865 scripsi
812 1803 900 1844 senex
913 1805 967 1864 pro
983 1803 1076 1857 seam,
1092 1786 1229 1864 superius
1248 1788 1314 1863 jam
1329 1788 1422 1845 tuitus

443 1890 517 1943 sum,
532 1889 591 1929 nec
605 1870 871 1948 transpositionem
884 1869 1139 1928 hemistichiorum
1157 1890 1187 1927 v.
1204 1868 1243 1929 37
1260 1878 1290 1929 et
1304 1871 1342 1929 41
1355 1870 1421 1949 plu-'

442 1953 524 2013 ribus
542 1951 751 2013 commendare
761 1953 846 2026 libet,
859 1971 949 2033 quam
965 1973 1044 2034 quae
1058 1954 1091 2011 in
1103 1952 1232 2013 eandem
1243 1955 1423 2013 sententiam

440 2040 505 2117 jam
518 2038 604 2096 Lect.
619 2038 661 2110 Π,
678 2057 708 2115 p.
727 2036 763 2096 61
784 2036 945 2115 disputavi.
977 2037 1078 2097 Unum
1093 2036 1181 2109 addo,
1197 2037 1331 2116 potuisse
1348 2057 1421 2096 sane

444 2122 535 2181 etiam
557 2123 626 2178 baec
644 2125 735 2178 encre
756 2125 869 2178 ulterior
889 2129 1007 2185 metuam
1027 2129 1056 2177 ot
1074 2128 1101 2178 tu
1115 2139 1190 2179 meus
1208 2123 1288 2179 heres
1303 2120 1341 2180 ab
1357 2121 1423 2200 ipso

443 2204 550 2265 Persio
566 2204 748 2276 continuari,
768 2202 824 2262 sed
845 2204 961 2263 omissis
982 2211 1098 2262 tantum
1118 2204 1256 2264 versibus
1278 2203 1423 2277 37-40,

405 2306 427 2340 s
445 2290 497 2370 qui
510 2286 593 2347 lrand
606 2289 669 2347 scio
685 2307 724 2345 an
738 2287 889 2366 posterius
912 2285 1030 2347 demum
1045 2286 1084 2346 ad
1105 2289 1185 2348 hunc
1206 2290 1305 2348 locum
1319 2309 1421 2349 acces·

445 2373 553 2448 serint3
579 2371 671 2430 iidem
697 2381 799 2430 tamen
826 2391 918 2452 quum
948 2373 1143 2432 certissimam
1167 2382 1277 2452 poetae
1301 2393 1420 2433 manum

443 2476 518 2538 prae
533 2476 566 2515 se
582 2455 695 2527 ferent,
712 2455 792 2513 hunc
812 2456 912 2533 ipsum
932 2456 1124 2515 statuendum
1146 2465 1192 2516 est
1212 2456 1340 2535 adJ'eotis
1361 2457 1422 2515 illis

445 2560 513 2601 eum
527 2540 626 2619 potius
641 2539 858 2602 sententiarum
873 2540 1009 2600 ordinem
1024 2541 1171 2599 exsistere
1182 2541 1326 2613 voluisse,
1335 2561 1424 2621 quem

445 2624 631 2701 singularum
646 2642 729 2683 nexu
745 2635 892 2701 arguente
908 2625 1035 2683 restitui.
1051 2658 1093 2668 -
1107 2625 1146 2683 V.
1163 2623 1198 2685 61
1218 2643 1322 2698 poscas
1336 2626 1423 2684 Lect.

444 2708 507 2781 III,
523 2729 554 2787 p.
574 2706 629 2783 333
647 2712 741 2781 poscis
757 2706 865 2783 Jahn.;
885 2716 916 2766 at
938 2708 1052 2787 colligit
1072 2717 1188 2767 tantum
1208 2708 1332 2768 Persius
1358 2707 1424 2767 fieri

444 2811 535 2869 posse
561 2800 595 2849 ut
618 2791 695 2850 alter
718 2790 757 2849 ad
783 2791 876 2850 talem
901 2792 1117 2871 impudentiam
1138 2791 1360 2871 progrediatur.
1382 2824 1424 2835 -

445 2874 481 2933 V.
497 2872 537 2934 66
556 2894 658 2948 repone
675 2877 845 2954 elegantius
861 2876 966 2956 utique
985 2883 1031 2933 est
1047 2895 1137 2955 quam
1151 2891 1275 2949 oppone‚·
1299 2875 1372 2935 item
1391 2885 1423 2934 ut

443 2959 550 3036 opinor
568 2979 597 3017 v.
615 2957 655 3018 69
669 2970 802 3034 coquatur
824 2979 915 3039 quam
940 2969 1085 3035 coquetur,
1113 2978 1239 3040 quorum
1263 2967 1422 3038 utrumque

443 3041 575 3101 Jahnius
595 3044 661 3119 ipse
686 3045 718 3101 in
738 3045 895 3121 superiore
925 3043 1057 3103 editione
1081 3043 1285 3121 praetulerat;
1311 3063 1370 3102 nec
1391 3064 1422 3101 v.

444 3124 482 3185 79
499 3128 623 3199 depunge
638 3131 723 3182 auta
742 3122 827 3181 libris
845 3132 898 3182 aut
920 3144 938 3181 a
952 3144 1042 3183 sensu
1058 3123 1135 3182 adeo
1154 3121 1356 3181 commendari
1374 3142 1419 3180 ar·

442 3209 552 3282 bitror,
572 3214 606 3267 ut
620 3206 671 3266 vel
685 3207 744 3265 hae
765 3206 796 3264 in
818 3226 895 3266 voce
915 3206 1103 3267 Scholiorum
1117 3206 1329 3269 auctoritatem
1346 3206 1421 3264 Bar·

444 3291 600 3353 cinonensi
627 3291 760 3349 familiae
791 3290 1002 3368 posthabeam3
1033 3291 1156 3370 reposui
1184 3290 1275 3368 igitur
1298 3294 1422 3365 depmye,

444 3376 526 3456 quod
538 3394 626 3436 nemo
642 3375 699 3435 erit
716 3374 789 3455 quin
803 3394 883 3432 nunc
898 3383 931 3433 ut
944 3375 1020 3434 alies
1035 3395 1090 3453 pro
1110 3377 1232 3432 describe
1247 3373 1360 3433 dietum
1376 3372 1421 3431 fa·

445 3460 502 3519 cile
517 3460 677 3538 intelligat.

529 3556 593 3616 Scr.
612 3555 775 3635 Gottingae
792 3554 820 3613 d.
836 3555 878 3614 II.
894 3555 961 3614 lun.
979 3576 1007 3615 a.
1023 3554 1252 3616 MDGGOLIV.

816 3845 1046 3857 -.......-———
