3434 4575
576 445 920 510 EPIGRAMMATON
932 446 1008 509 LIB.
1022 447 1070 508 111.

790 648 868 712 XIII.

388 762 469 822 Dum
483 781 546 820 uon
560 762 605 822 vis
619 762 739 842 pisces,
762 759 833 821 dum
848 780 912 820 non
926 762 972 821 vis
988 779 1117 842 carpere
1131 761 1234 843 pullos

429 846 471 905 Et
484 843 555 925 plus
570 865 660 924 quam
673 846 774 924 putri,
796 846 927 924 Naevia,
948 847 1051 925 parcis
1065 866 1158 926 apro,

1305 449 1347 515 63

386 931 521 990 Accusas
535 931 714 1010 rumpisque
733 949 855 1008 cocum,
877 938 1022 1009 tauquam
1037 931 1138 990 omnia
1153 929 1248 992 cruda
1319 1009 1320 1012 Ἴ

429 1013 592 1074 Attulerit.
619 1015 781 1093 Nunquam
797 1017 842 1074 sic
858 1033 916 1092 ego
932 1013 1044 1074 crudus
1059 1032 1123 1075 ero.
1154 1033 1162 1050 ·

781 1175 863 1238 XIV.

386 1290 513 1350 Romam
528 1290 656 1369 petebat
671 1290 807 1348 esuritor
822 1289 957 1350 Tuccius

427 1374 594 1433 Profectus
610 1391 648 1432 ex
663 1373 821 1452 Hispania.

386 1457 530 1518 Occurrit
544 1455 593 1516 illi
607 1455 818 1536 sportularum
831 1456 951 1518 fabula:

427 1541 455 1601 A
469 1547 564 1621 ponte
580 1538 676 1601 rediit
689 1540 818 1602 Mulvio.

787 1702 856 1767 XV.

386 1829 461 1891 Plus
479 1829 582 1892 credit
595 1851 686 1892 nemo
702 1853 793 1912 quam
805 1840 872 1894 tota
887 1832 1008 1895 Gordus
1022 1836 1054 1895 iu
1068 1836 1155 1896 urbe.
1191 1795 1193 1800 Ι

428 1916 529 1993 „Gum
544 1918 586 1977 sit
600 1924 664 1977 tam
676 1936 812 1998 pauper,
836 1917 989 1996 quomodo
997 1919 1035 1979 Ψ(
1064 1919 1182 1979 Caecus
1197 1927 1285 1981 amat

781 2080 863 2144 XVI.

384 2191 445 2251 Das
460 2190 666 2272 gladiatores,
689 2201 828 2254 autorum
842 2192 970 2273 regule,
993 2194 1105 2275 cerdo,

428 2274 580 2357 Quodque
595 2278 652 2338 tibi
666 2279 777 2339 tribuit
794 2278 918 2358 subula,
940 2279 1002 2341 sica
1015 2281 1107 2361 rapit.
1213 2325 1216 2331 ·

384 2361 497 2430 Ebr'us
513 2380 562 2421 es:
583 2380 686 2442 neque
701 2365 783 2422 enim
797 2364 920 2424 faceres
934 2366 994 2423 hoc
1009 2367 1131 2426 sobrius
1150 2385 1299 2449 unquam,

425 2446 468 2505 Ut
481 2444 579 2505 velles
596 2448 681 2506 corio
694 2446 821 2525 ludere,
844 2446 956 2525 cerdo,
977 2454 1041 2509 tuo.

361 2528 501 2590 5Lusisti
515 2530 615 2589 corio:
638 2530 694 2590 sed
708 2539 757 2609 te,
778 2530 981 2610 mihicrede,
1003 2540 1158 2595 memento

426 2611 514 2673 Nunc
528 2616 562 2673 in
574 2613 740 2695 pellicula,
764 2614 877 2695 cerdo,
899 2622 1010 2677 tenere
1025 2622 1086 2678 tua.

774 2780 870 2841 xvu.
927 2849 940 2872 ·

385 2906 571 2967 Circumlata
588 2907 641 2969 diu
654 2911 770 2969 mensis
784 2907 924 2970 scriblita
938 2905 1082 2967 secundis

425 2990 544 3050 Urebat
558 2993 653 3052 nimio
669 3012 758 3053 saeva
773 2994 877 3054 calore
892 3011 1016 3066 manus;

384 3072 447 3133 Sed
463 3076 557 3152 magis
571 3075 700 3137 ardebat
715 3077 821 3137 Sabidi
836 3075 922 3155 gula:
943 3078 1084 3155 protinus
1099 3094 1174 3155 ergo

426 3158 567 3219 Sufflavit
582 3161 686 3220 buccis
701 3167 814 3240 terque
830 3168 1002 3241 quaterque
1017 3161 1088 3221 suis.

360 3241 441 3303 allia
457 3242 581 3321 quidem
597 3246 700 3324 tepuit
714 3243 891 3324 digitosque
906 3243 1072 3304 admittere
1088 3244 1152 3303 visa
1167 3248 1232 3320 ert,

426 3325 489 3386 Sed
502 3347 593 3387 nemo
607 3331 710 3409 potuit
723 3336 870 3408 tangere:
893 3325 1000 3389 merda
1015 3328 1083 3387 fuit.

764 3490 874 3553 XVlll.

380 3601 569 3662 Perfrixisse
582 3609 650 3662 tuas
664 3609 775 3682 questa
788 3610 837 3663 ert
849 3604 1002 3684 praefatio
1017 3603 1133 3665 fauces.

425 3686 502 3745 Cum
515 3693 548 3746 te
565 3688 737 3766 excusaris,
758 3687 909 3767 Maxime,
931 3686 1006 3767 quid
1019 3685 1156 3747 recitari
