3434 4575
300 457 308 471 ⁶
350 450 411 514 122
484 455 487 459 ’
670 450 714 510 Μ.
731 448 822 511 VAL.
838 449 1063 511 MAR'llALlS

433 604 501 663 Non
516 601 648 661 deerunt
661 608 763 661 tamen
778 604 834 661 hac
848 604 881 661 iu
895 603 972 662 urbe
990 603 1094 663 forsan

434 687 520 746 Unus
534 685 583 747 vel
598 684 657 745 (luo
673 692 776 745 tresve
792 690 990 764 quattuorve,

393 767 551 833 lol’ellem
565 769 679 829 rodere
696 771 746 847 qui
762 768 858 830 velint
873 771 1024 830 caninam:

432 853 494 914 Nos
510 853 567 913 hac
582 875 598 912 a
611 855 713 913 scabie
728 860 868 913 tenemus
883 872 1008 932 ungues.

826 987 902 1046 LXl.

434 1098 595 1180 crispulus
609 1100 669 1158 iste
687 1101 754 1178 quis
769 1105 833 1176 est,
854 1102 942 1160 uxori
959 1120 1081 1181 semper
1097 1100 1249 1164 adhaeret

476 1185 550 1260 Qui,
572 1183 731 1260 Mariano,
752 1184 846 1243 tuae?
869 1185 1020 1264 crispulus
1034 1186 1094 1244 iste
1110 1188 1179 1265 quis
1195 1191 1267 1249 est?

431 1268 544 1329 Nescio
561 1264 634 1345 quid
651 1266 791 1326 dominae
806 1274 944 1327 teneram
961 1270 1012 1347 qui
1029 1271 1126 1348 garrit
1138 1271 1171 1329 in
1187 1291 1297 1335 aurem

473 1353 515 1411 Et
530 1348 636 1410 sellam
651 1352 753 1409 cubito
769 1350 946 1411 dexteriore
961 1353 1097 1432 premit?

410 1436 495 1496 tPer
510 1435 596 1494 cuius
611 1432 723 1510 digitos
738 1437 836 1494 currit
848 1434 925 1494 levis
940 1434 1048 1496 anulus
1063 1457 1186 1515 omues,
1246 1449 1249 1454 '

475 1519 574 1579 Crura
593 1518 675 1595 gerit
686 1515 772 1577 nullo
791 1520 843 1596 qui
855 1517 969 1578 violata
982 1518 1070 1599 pilo‘l

430 1601 482 1662 Nil
495 1600 570 1660 mihi
584 1599 777 1680 respondes?
805 1603 939 1680 „Uxoris
953 1622 1004 1663 res
1020 1604 1104 1682 agit“
1119 1605 1223 1684 inquis
1369 1676 1372 1681 ι

473 1684 557 1764 „Iste
569 1684 687 1744 meae.“
715 1684 795 1745 Saue
810 1691 913 1744 certus
929 1692 962 1746 et
977 1706 1066 1766 asper
1080 1688 1172 1748 homo
1187 1696 1254 1770 est,

433 1768 670 1829 Procuratorem
685 1766 772 1828 voltu
791 1770 843 1848 qui
856 1770 1016 1848 praeferat
1028 1773 1110 1850 ipso:

391 1863 426 1916 10
472 1853 585 1914 Acrior
598 1852 657 1912 hoc
673 1853 768 1913 Chius
782 1872 844 1912 uon
860 1855 922 1912 erit
936 1854 1084 1914 Aufidius.

433 1936 564 2014 Oquam
579 1935 688 2014 dignus
704 1954 772 1996 eras
789 1934 902 2016 alapis,
924 1938 1081 2015 Marione,
1103 1939 1222 2000 Latini:

474 2020 522 2081 Te
537 2038 749 2079 successurum
767 2020 862 2079 credo
878 2038 935 2099 ego
952 2020 1130 2097 Panniculo.

431 2105 494 2164 Res
509 2104 612 2163 uxoris
630 2103 714 2181 agit?
736 2122 787 2163 res
803 2102 883 2164 ullas
899 2103 1052 2183 crispulus
1066 2106 1149 2166 iste?

473 2187 535 2248 Res
547 2206 609 2245 uou
624 2187 744 2264 uxoris,
763 2205 815 2247 res
830 2189 892 2266 agit
907 2189 967 2247 iste
984 2195 1061 2249 tuas.

820 2322 910 2384 Lllll.

432 2433 502 2493 lure
518 2440 570 2494 tuo
586 2436 702 2494 nostris
717 2453 841 2495 maneas
854 2433 948 2513 licet,
972 2437 1103 2514 hospes,
1125 2435 1156 2493 in
1179 2435 1300 2515 hortis,

474 2517 508 2578 Si
521 2524 611 2596 potes
626 2519 658 2577 in
673 2518 756 2578 nudo
769 2536 889 2599 ponere
905 2519 1041 2578 membra
1056 2516 1141 2595 solo,

432 2600 496 2662 Aut
509 2602 535 2662 si
549 2609 692 2682 portatur
706 2609 808 2663 tecum
823 2603 880 2662 tibi
895 2621 1003 2680 magna
1018 2599 1173 2681 supellex:
1219 2599 1224 2611 '

473 2684 549 2744 Nam
565 2687 708 2745 mesiam
725 2685 852 2764 digitum
869 2685 992 2745 sustulit
1007 2686 1189 2766 hospitibus.

410 2767 525 2830 §Nulla
539 2769 618 2847 tegit
632 2770 748 2829 fractos
763 2788 821 2829 ncc
837 2771 936 2830 inanis
951 2768 1063 2828 culcita
1076 2768 1193 2844 lectos,

339 2857 343 2865 '
471 2851 576 2912 Putris
590 2860 623 2913 et
638 2854 766 2933 abrupta
779 2853 875 2913 fascia
891 2858 976 2912 reste
990 2852 1080 2915 iacet.

431 2935 479 2995 Sit
492 2941 593 2995 tamen
606 2938 772 3017 hospitium
787 2937 876 2996 nobis
891 2955 1049 2996 commune
1066 2933 1199 2995 duobus:

472 3019 542 3080 Emi
554 3020 679 3094 hortos;
699 3017 770 3099 plus
785 3026 849 3079 est:
871 3021 992 3079 instrue
1007 3025 1057 3093 tu;
1078 3020 1177 3078 minus
1193 3025 1251 3080 est.

812 3152 916 3216 LXlll.

431 3266 535 3347 „Quid
549 3267 669 3328 sentis“
682 3269 785 3347 inquis
802 3267 864 3345 „de
879 3269 1011 3347 nostris,
1032 3268 1156 3345 Marce,
1177 3258 1343 3329 ΙίΙιοΙΙίεἳ(ί

473 3351 524 3411 Sic
541 3371 590 3412 me
606 3351 771 3431 sollicitus,
793 3354 940 3431 Pontice,
962 3370 1054 3431 saepe
1069 3369 1168 3429 rogas.

434 3434 592 3515 Admiror‚
613 3442 737 3517 stupeo:
758 3436 837 3497 nihil
852 3444 902 3498 est
914 3436 1084 3516 perfectius
1098 3433 1179 3513 illis,

473 3518 542 3600 lpse
557 3530 609 3581 tuo
624 3521 716 3582 cedet
729 3520 864 3599 Regulus
878 3521 1011 3599 ingenio.

411 3602 523 3681 5„Hoc
538 3607 634 3666 sentis
641 3605 679 3665 ‘34‘
698 3606 801 3684 inquis
815 3604 930 3682 „iaciat
944 3604 1001 3664 tibi
1016 3606 1060 3665 sic
1074 3605 1155 3664 bene
1170 3602 1303 3685 Caesar,

476 3687 527 3749 Sic
544 3686 737 3769 capitolinus
751 3688 923 3769 luppiter.“
950 3687 1043 3748 Immo
1061 3689 1130 3754 tibi,

265 3931 368 4027 ἱ
