3434 4575
715 489 841 541 MIRA
863 491 896 541 V.
1260 481 1301 546 26

306 629 429 689 Frivola.
476 629 563 712 Quod
584 650 670 711 quum
692 633 731 694 ita
753 634 807 709 sit,
832 642 862 693 tu
886 630 1036 696 Gaetulum
1061 634 1258 712 Ganymedem

306 715 443 793 Respice,
469 734 555 795 quum
576 717 668 777 sities.
714 715 817 778 Nescit
837 727 881 778 tot
913 718 1028 780 milibus
1052 728 1167 799 emptus
1267 732 1302 787 60

304 799 482 878 Pauperibus
505 801 630 861 miscere
654 821 742 881 puer:
764 802 818 863 sed
842 803 955 880 forma,
979 803 1032 864 sed
1055 814 1136 864 aetas

305 883 393 961 Digna
419 885 594 963 supercilio:
624 886 739 966 quando
764 886 800 947 ad
824 897 853 948 te
879 889 1014 966 pervenit
1037 886 1111 948 ille?

303 967 424 1041 Quando
448 978 568 1047 rogatus
589 971 674 1030 adest
696 970 809 1032 calidae
833 971 1012 1052 gelidaeque
1032 972 1184 1033 minister?

303 1051 420 1131 Quippe
442 1053 607 1131 indignatur
629 1056 725 1117 veteri
748 1073 855 1134 parere
880 1055 991 1133 clienti,

302 1135 445 1216 Quodque
468 1139 575 1219 aliquid
599 1156 724 1217 poscas,
747 1149 778 1200 et
798 1140 877 1220 quod
901 1160 935 1202 se
958 1151 1053 1202 stante
1077 1146 1241 1203 recumbas.
1266 1155 1301 1209 tio

301 1219 423 1282 lanima
446 1240 580 1303 quaeque
604 1223 706 1285 domus
729 1225 825 1285 servis
848 1234 895 1285 est
920 1226 1005 1305 plena
1029 1226 1174 1305 superbis.

301 1303 380 1367 Ecce
403 1305 477 1367 alius
500 1317 607 1386 quanto
632 1309 767 1388 porrexit
789 1327 934 1370 murmure
959 1329 1061 1389 panem

301 1389 355 1451 Vix
377 1390 517 1468 fractum,
541 1392 655 1453 solidae
679 1395 734 1453 iam
758 1393 872 1455 mucida
895 1395 985 1455 frusta
1008 1395 1130 1472 farinae,

300 1473 381 1548 Quae
404 1477 560 1553 genuinum
584 1479 712 1555 agitent,
736 1495 795 1538 non
817 1477 997 1541 admittentia
1022 1496 1164 1541 morsum:

300 1560 358 1621 Sed
382 1569 519 1622 teneret
541 1563 645 1622 niveus
668 1561 809 1642 mollique
832 1562 947 1641 siligine
972 1564 1065 1624 iactus
1266 1575 1300 1630 io

299 1644 440 1705 Servatur
463 1644 589 1706 domino.
634 1645 774 1709 Dextram
797 1646 939 1707 cohibere
963 1659 1126 1716 memento:

299 1730 385 1790 Salva
409 1729 446 1789 sit
468 1738 602 1809 artoptae
626 1732 809 1792 reverentia!
838 1732 916 1810 linge
939 1742 1035 1792 tamen
1058 1742 1087 1794 te

299 1810 515 1893 lmprobulum,
539 1825 677 1894 superest
701 1816 760 1876 illic
781 1816 830 1895 qui
855 1834 967 1895 ponere
989 1826 1094 1894 cogat:

300 1898 348 1958 Vis
372 1907 403 1958 tu
425 1901 574 1961 consuetis
596 1898 690 1961 audax
715 1902 839 1961 conviva
863 1902 996 1961 canistris

300 1982 417 2062 impleri
442 1986 585 2066 panisque
607 1987 647 2045 tui
670 1987 789 2044 novisse
816 1981 1025 2045 coloremP-
1263 1995 1296 2051 ‘te

299 2066 420 2129 Scilicet
441 2067 499 2130 lroc
521 2069 636 2144 iuerat,
660 2079 783 2149 propter
807 2071 885 2149 quod
911 2087 1002 2148 saepe
1024 2070 1128 2132 relicte

300 2149 433 2231 Coniuge
455 2171 511 2234 per
531 2164 658 2214 montem
683 2154 838 2216 adversum
859 2153 1036 2233 gelidasque
1058 2159 1173 2217 cucurri

299 2235 464 2319 Esquilias,
487 2238 628 2301 tremeret
650 2257 739 2300 saera
762 2257 848 2321 quum
871 2239 1014 2319 grandine
1035 2258 1144 2301 vernus

373 2324 380 2339 ·
645 2326 652 2339 ·
932 2326 939 2340 ·
1020 2323 1079 2361 ι-

299 2333 428 2489 llll:
450 2323 1115 2490 {tltlttltttttt'l'ttulum,
1261 2421 1299 2476 a,

298 2491 381 2568 Quae
404 2492 498 2555 iertur
520 2493 637 2555 domino
660 2493 783 2573 squilla,
810 2504 840 2555 et
863 2494 969 2574 quibus
993 2495 1118 2574 undique
1143 2506 1225 2575 septa

299 2578 477 2659 managio,
501 2595 558 2659 qua
579 2578 725 2658 despiciat
747 2580 880 2639 convivia
904 2579 1006 2653 cauda,

298 2661 369 2726 Dum
400 2665 481 2727 venit
516 2662 630 2724 excelsi
655 2663 787 2723 manibus
808 2662 923 2724 sublata
946 2664 1082 2723 ministri:

298 2748 357 2808 Sed
379 2747 431 2807 tibi
454 2747 572 2808 dimidio
597 2748 773 2808 constrictus
797 2766 957 2808 cammarus
981 2765 1038 2807 ovo

299 2831 416 2893 Ponitur
438 2833 545 2911 exigua
568 2832 670 2893 ieralis
694 2848 788 2893 coena
812 2832 931 2912 patella.
1261 2842 1297 2895 85

298 2915 364 2996 lpse
389 2916 558 2978 Venafrano
582 2918 694 2996 piscem
716 2917 879 2996 perfundit:
903 2927 932 2977 at
954 2916 1018 2991 hic,
1040 2919 1087 2994 qui

298 2999 425 3062 Pallidus
448 3002 570 3063 affertur
589 3002 697 3062 misero
721 3001 772 3061 tibi
796 3002 906 3076 caulis,
933 3000 1026 3061 olebit

298 3083 482 3152 lanternam:
506 3085 577 3147 illud
602 3087 677 3146 enim
701 3087 808 3145 vestris
830 3086 915 3146 datur
938 3086 1080 3162 alveolis,
1103 3087 1181 3167 quod

298 3167 396 3231 Canna
419 3169 606 3251 liicipsuruuu
628 3188 717 3250 prora
740 3170 875 3232 subvexit
897 3179 994 3238 acuta;

299 3254 423 3335 Propter
442 3256 521 3336 quod
544 3254 655 3316 Romae
678 3274 741 3315 cum
763 3254 896 3315 Boccare
922 3272 1007 3315 nemo
1028 3255 1150 3331 lavatur,
1260 3265 1296 3319 90

299 3337 398 3419 [Quod
419 3349 498 3401 tutos
524 3341 610 3400 etiam
632 3341 702 3402 lacit
724 3358 740 3400 a
764 3338 950 3419 serpentibus
974 3340 1068 3417 atris]

299 3421 404 3485 llullus
427 3426 481 3485 erit
507 3424 630 3501 domini,
655 3442 741 3504 mem
763 3426 839 3484 misit
863 3421 1000 3498 Corsica,
1023 3423 1072 3482 vel
1095 3442 1180 3502 quern

299 3506 560 3570 Tauromenitanae
583 3527 691 3589 rupes,
714 3509 830 3590 quando
855 3526 940 3568 omne
963 3517 1112 3586 peractum
1137 3518 1180 3597 e‘st

300 3590 335 3652 ut
356 3594 411 3655 ium
433 3593 545 3655 deiecit
566 3604 694 3655 nostrum
716 3611 812 3670 mare,
835 3594 901 3655 dum
924 3593 991 3670 gula
1017 3593 1121 3666 saevit,

300 3674 421 3739 listibus
444 3678 569 3739 assiduis
593 3679 707 3758 penitus
731 3687 879 3739 scrutante
906 3676 1031 3736 macello
1258 3688 1293 3742 95

301 3758 448 3840 treuna,
472 3779 529 3823 neo
549 3764 672 3843 patimur
693 3761 873 3841 Tyrrhenum
898 3778 1036 3821 crescere
1058 3762 1177 3838 piscem
