3434 4575
607 481 950 543 EPIGRAMMATON
964 481 1037 541 LlB.
1054 482 1076 544 l.
1323 479 1365 546 31

768 633 920 695 LXXXV.

402 745 565 809 Venderet
579 747 717 808 excultor
734 744 830 807 colles
846 765 914 806 cum
928 763 1041 826 praeco
1057 746 1177 808 facetus

447 831 548 908 Atque
563 832 730 893 suburbani
744 828 851 909 iugera
864 827 996 909 pulchra
1010 827 1086 908 soli,

401 911 538 993 „Errat“
554 917 597 978 ait
610 916 660 993 „si
676 916 744 995 quis
759 913 862 975 Mario
876 918 965 994 putat
981 932 1050 974 esse
1066 932 1196 976 necesse

444 996 608 1061 Vendere:
628 997 671 1059 nil
687 998 798 1077 debet,
819 998 944 1058 fenerat
958 998 1051 1057 immo
1066 999 1193 1078 magis.“

378 1092 423 1160 5„
430 1084 537 1160 „Quae
552 1084 632 1143 ratio
647 1089 697 1142 est
710 1083 804 1161 igitur
811 1081 878 1141 ‘.¹““
898 1081 1034 1159 „Servos
1048 1083 1093 1142 ibi
1106 1081 1246 1163 perdidit
1257 1101 1366 1144 omnes

444 1167 486 1227 Et
499 1185 595 1246 pecus
609 1171 642 1226 et
656 1167 793 1244 fructus,
815 1185 878 1225 non
893 1171 974 1224 amat
987 1164 1062 1225 inde
1074 1165 1210 1228 locum.“

402 1251 478 1327 Quis
493 1250 613 1310 faceret
626 1251 761 1330 pretium
775 1250 835 1309 nisi
851 1251 904 1327 qui
920 1269 974 1309 sua
987 1248 1124 1329 perdere
1138 1248 1237 1311 vellet

446 1333 577 1393 Omnia?
606 1334 657 1393 Sic
672 1334 775 1394 Mario
790 1332 900 1393 noxius
914 1333 1027 1394 haeret
1042 1353 1123 1412 ager.

756 1464 922 1530 LXXXVI.

400 1566 529 1629 Vicinus
543 1584 629 1626 meus
644 1573 693 1626 est
707 1585 859 1646 manuque
875 1567 961 1645 tangi

400 1651 447 1710 De
462 1651 577 1709 nostris
592 1650 706 1709 Novius
720 1656 826 1730 potest
839 1650 998 1713 fenestris.

401 1735 476 1809 Quis
490 1752 553 1794 nou
567 1732 703 1793 invideat
718 1735 793 1793 mihi
808 1739 960 1813 putetque

400 1819 495 1877 Horis
512 1819 652 1876 omnibus
667 1837 737 1877 esse
752 1835 801 1876 me
816 1819 956 1893 beatum,

379 1903 508 1962 bluneto
524 1903 573 1961 cui
587 1898 684 1961 liceat
698 1901 760 1961 frui
775 1898 906 1960 sodale?

401 1985 479 2044 Tam
493 1983 588 2064 longe
603 1991 652 2044 est
666 1985 742 2045 mihi
757 2003 847 2063 quam
863 1983 1091 2060 Terentianus,

400 2071 460 2147 Qui
473 2088 555 2128 nunc
568 2065 716 2129 Niliacam
731 2070 814 2147 regit
829 2068 962 2148 Syenen.

400 2153 469 2213 Non
483 2154 664 2242 ponvivere,
686 2173 745 2214 nec
759 2151 867 2213 videre
882 2153 1000 2230 saltim,

400 2238 470 2298 Non
485 2235 592 2297 audire
605 2234 699 2317 licet,
720 2256 780 2299 nec
794 2238 873 2298 urbe
887 2243 954 2297 tota

358 2323 567 2400 loquisquam
583 2328 631 2381 eat
646 2328 707 2383 tam
721 2341 820 2404 prope
836 2328 897 2381 tam
911 2319 1082 2401 proculque
1098 2322 1196 2383 nobis.

400 2403 598 2484 Migrandum
614 2414 663 2466 est
677 2408 752 2466 milri
766 2406 888 2484 longius
901 2403 952 2464 vel
968 2403 1026 2467 illl.

397 2489 526 2552 Vicinus
540 2489 637 2548 Novio
652 2490 702 2551 vel
719 2491 888 2568 inquilinus

401 2574 464 2651 Sit,
487 2574 513 2632 si
528 2574 596 2651 quis
609 2571 739 2635 Novium
752 2573 859 2634 videre
875 2592 937 2632 non
953 2572 1026 2635 volt.

748 2707 927 2769 LXXXVII.

400 2806 448 2867 Ne
463 2808 563 2887 gravis
578 2806 728 2865 hesterno
742 2805 880 2883 fragres,
900 2803 1089 2883 fescennio,
1104 2805 1192 2882 vino,

442 2889 588 2951 Pastillos
603 2890 707 2952 Cosmi
720 2886 877 2948 luxuriosa
890 2906 988 2950 voras.

401 2977 461 3036 lsta
476 2976 579 3035 linunt
594 2973 705 3035 dentes
720 2971 890 3050 iantacula,
912 2971 969 3032 sed
982 2970 1061 3032 nihil
1077 2975 1215 3051 obstant,

443 3062 591 3121 Extremo
606 3065 714 3119 ructus
729 3078 797 3118 cum
811 3055 897 3117 redit
913 3077 930 3116 a
943 3057 1101 3118 barathro.

379 3143 487 3220 equid
506 3142 589 3224 quod
603 3143 668 3204 olet
682 3144 802 3222 gravius
817 3142 944 3202 mixtum
959 3140 1146 3222 diapasmate
1159 3141 1244 3200 virus

444 3229 547 3308 Atque
562 3226 677 3309 duplex
692 3228 810 3287 animae
828 3224 950 3304 longius
968 3227 1032 3285 exit
1046 3225 1147 3285 odor?

400 3312 496 3373 Notas
512 3331 586 3391 ergo
602 3313 693 3372 nimis
707 3310 833 3371 fraudes
849 3308 1065 3391 deprensaque
1078 3309 1163 3369 furta

443 3397 504 3457 Iam
517 3395 609 3457 tollas
624 3403 657 3457 et
672 3397 713 3456 sis
728 3396 815 3456 ebria
830 3394 1021 3474 simpliciter.
1124 3429 1128 3434 -

646 3578 648 3581 .
745 3531 929 3594 LXXXVIII

399 3643 537 3723 Alcime,
562 3664 653 3725 quem
667 3652 788 3727 raptum
804 3645 927 3712 domino
945 3639 1156 3702 crescentibus
1170 3637 1261 3699 annis

441 3728 592 3791 Lauicano
605 3726 669 3790 levi
686 3732 805 3813 cespite
820 3727 904 3790 velat
918 3729 1044 3806 humus,
