3434 4575
737 505 861 552 suanm
881 505 933 552 111.

328 648 480 726 Praecipui
502 657 585 706 sunto
610 648 703 724 sitque
726 645 783 705 illis
805 662 894 704 aurea
915 644 1014 704 barba.

328 733 436 793 Aurum
456 750 526 791 vasa
552 729 662 789 Numae
684 729 874 806 Saturniaque
900 727 1010 806 impulit
1036 745 1114 804 aera,

327 815 524 893 Vestalesque
545 833 631 873 urnas
654 823 683 873 et
705 811 829 872 Tuscum
851 812 941 871 fictile
963 820 1060 872 mutat.
1277 823 1311 877 60

328 899 352 959 0
377 917 483 959 curvae
506 899 641 958 interris
664 899 773 957 animae
797 905 826 955 et
849 895 1019 956 coelestium
1041 895 1156 956 inanes!

328 982 403 1057 Quid
427 985 522 1058 iuvat‚'
541 983 595 1041 bos
621 980 737 1059 templis
760 990 877 1039 nostros
899 981 1051 1039 immittere
1074 996 1182 1057 mores,

327 1067 363 1127 Et
385 1067 461 1127 bona
483 1067 526 1127 dis
547 1085 584 1126 cx
606 1065 661 1125 hac
683 1065 828 1124 scelerata
852 1064 959 1124 ducere
982 1063 1091 1142 pulpa?

327 1151 408 1210 llaec
431 1151 485 1209 sibi
506 1159 644 1229 corrupto
667 1150 772 1208 casiam
793 1147 927 1208 dissolvit
950 1148 1040 1224 olivo,

327 1234 407 1294 llaec
430 1234 583 1295 Calabrum
606 1234 685 1293 coxit
706 1233 804 1292 vitiato
829 1233 939 1291 murice
961 1231 1066 1308 vellus,
1274 1245 1307 1300 65

327 1319 407 1378 llaec
430 1318 548 1378 baccam
571 1312 699 1377 concbae
721 1318 829 1375 rasisse
852 1325 881 1375 et
900 1317 1044 1394 stringere
1064 1335 1154 1377 venas

325 1401 477 1462 Ferventis
499 1420 613 1462 massae
635 1400 723 1460 crudo
747 1400 782 1460 de
805 1399 927 1478 pulvere
954 1401 1045 1460 iussit.

326 1486 433 1546 Peccat
456 1496 485 1546 et
507 1487 597 1561 haec,
623 1493 742 1564 peccat:
765 1485 835 1543 vitio
858 1493 951 1544 tamen
974 1486 1074 1550 utitur:
1099 1496 1203 1546 atros

326 1568 439 1645 Dicite,
463 1570 634 1648 pontifices,
657 1571 685 1627 in
708 1577 809 1627 sancto
833 1568 902 1646 qnid
924 1568 992 1628 iacit
1015 1567 1134 1628 aurum?

327 1652 439 1732 Nempe
461 1654 518 1713 boc
541 1654 617 1731 quod
641 1653 750 1711 Veneri
772 1652 895 1711 donatae
918 1669 934 1710 a
954 1654 1066 1729 virgine
1090 1672 1196 1732 pupae.
1273 1665 1307 1719 to

326 1737 401 1810 Quin
425 1738 523 1799 damus
545 1737 573 1796 id
597 1737 727 1815 superis,
751 1735 787 1794 de
809 1753 911 1812 magua
934 1735 1010 1814 quod
1033 1735 1102 1795 dare
1124 1736 1207 1798 lance

325 1819 390 1880 Non
418 1824 511 1900 possit
533 1824 629 1898 magni
650 1818 806 1879 Messallae
829 1818 908 1896 lippa
930 1835 1079 1896 propago:

327 1903 524 1984 compositum
546 1907 590 1964 ius
613 1905 716 1982 fasque
740 1903 840 1976 animi,
864 1911 1040 1980 sanctosque
1064 1920 1200 1963 recessus

325 1989 446 2065 Mentis,
473 1999 501 2049 et
524 1992 667 2049 incoctum
690 2004 836 2062 generoso
860 1994 963 2064 pectus
986 1986 1119 2046 honesto.

325 2073 406 2134 llaec
430 2074 504 2134 cedo
527 2083 557 2133 ut
580 2074 747 2133 admoveam
768 2069 902 2148 templis,
929 2080 957 2129 et
981 2069 1058 2130 farre
1084 2070 1184 2132 litabo.
1272 2080 1305 2135 ts

649 2405 887 2470 SATIRA
916 2404 979 2468 HI.

324 2531 441 2637 Nempe
464 2559 537 2619 haec
559 2560 696 2622 assidue?
716 2564 771 2622 iam
794 2563 901 2622 clarum
924 2580 1006 2622 mane
1027 2560 1171 2620 fenestras

324 2647 413 2708 lntrat
436 2652 465 2702 et
488 2654 625 2720 angustas
649 2646 777 2706 extendit
798 2647 904 2705 lumine
926 2647 1027 2711 rimas:

324 2730 476 2790 Stertimus
500 2728 663 2789 indomitum
686 2730 762 2808 quod
784 2731 955 2807 despumare
976 2727 1128 2788 Falernum

326 2812 471 2886 Sufficiat,
495 2814 591 2891 quinta
613 2813 677 2873 dum
700 2813 774 2873 linea
798 2814 922 2889 tangitur
943 2813 1052 2872 umbra.

325 2898 369 2957 En
391 2895 458 2974 quid
482 2894 566 2973 agis?
583 2932 624 2943 -
647 2898 759 2959 Siccus
776 2900 890 2958 icauna
912 2898 1056 2959 cuniculo
1075 2914 1188 2957 messes
1287 2904 1303 2956 ⁵

325 2980 394 3041 lom
416 2981 532 3040 dudum
554 2984 653 3060 coquit
673 2991 702 3044 et
721 2984 830 3059 patula
850 3000 947 3059 pecus
967 3000 1054 3043 omae
1071 2981 1126 3041 aab
1147 2980 1227 3040 ulmo
1250 2985 1300 3052 cst

326 3065 405 3125 Unus
429 3066 467 3122 ait
490 3066 687 3124 comitum-
706 3063 872 3125 Verumne?
894 3062 993 3125 itane?
1015 3066 1096 3124 ocius
1119 3063 1194 3122 adsit

325 3148 388 3208 lluc
409 3147 526 3225 aliquis!
550 3147 687 3208 nemon'?
700 3185 741 3194 —
763 3149 917 3226 Turgescit
938 3151 1031 3208 vitrea
1054 3148 1135 3207 bilis:

325 3231 483 3292 Findor—
504 3241 534 3291 ut
557 3232 700 3293 Arcadiae
723 3236 859 3311 pecuaria
881 3233 986 3293 rudere
1009 3233 1098 3293 dicas.

324 3315 383 3376 lam
409 3315 483 3375 liber
505 3325 534 3375 et
555 3319 657 3395 positis
681 3318 795 3376 bicolor
817 3316 981 3376 membrana
1008 3314 1121 3392 capillis
1269 3318 1304 3371 10

324 3399 415 3478 lnque
435 3418 535 3459 manus
562 3401 678 3460 chartae
700 3402 870 3479 nodosaque
893 3402 971 3459 venit
994 3397 1112 3458 arundo.

324 3481 405 3542 'lunc
427 3484 588 3562 querimur,
615 3503 730 3544 crassus
752 3484 863 3545 calamo
887 3482 964 3562 quod
986 3481 1112 3560 pendeat
1133 3479 1244 3556 humor,

323 3565 413 3643 Nigra
437 3567 513 3645 quod
537 3568 628 3627 infusa
649 3577 788 3627 vanescat
811 3570 893 3647 sepia
915 3565 1044 3644 lympha:

324 3649 435 3710 Dilutas
460 3652 605 3728 querimur
626 3654 752 3728 geminet
774 3652 851 3729 quod
874 3651 969 3710 listula
989 3657 1095 3726 guttas.

324 3732 348 3792 Ο
374 3735 461 3793 miser
483 3736 570 3813 inque
591 3736 652 3795 dies
674 3736 749 3795 ultra
772 3737 875 3810 miser,
899 3735 1002 3795 hucine
1025 3749 1119 3789 rerum
1269 3740 1302 3793 lt
