<?xml version="1.0" encoding="UTF-8"?>
<!DOCTYPE html PUBLIC "-//W3C//DTD XHTML 1.0 Transitional//EN"
    "http://www.w3.org/TR/xhtml1/DTD/xhtml1-transitional.dtd">
<html xmlns="http://www.w3.org/1999/xhtml" xml:lang="en" lang="en">
 <head>
  <title>
</title>
<meta http-equiv="Content-Type" content="text/html;charset=utf-8" />
  <meta name='ocr-system' content='tesseract 3.04.00' />
  <meta name='ocr-capabilities' content='ocr_page ocr_carea ocr_par ocr_line ocrx_word'/>
</head>
<body>
  <div class='ocr_page' id='page_1' title='image "./satirarumlibriq00juvegoog_0470.png"; bbox 0 0 3434 4575; ppageno 0'>
   <div class='ocr_carea' id='block_1_1' title="bbox 441 449 1161 516">
    <p class='ocr_par' dir='ltr' id='par_1_1' title="bbox 441 449 1161 516">
     <span class='ocr_line' id='line_1_1' title="bbox 441 449 1161 516; baseline -0.007 -1"><span class='ocrx_word' id='word_1_1' title='bbox 441 451 510 515; x_wconf 68' lang='grc' dir='ltr'><strong>ΞΜ</strong></span> <span class='ocrx_word' id='word_1_2' title='bbox 765 449 809 516; x_wconf 84' lang='grc' dir='ltr'><strong>Μ.</strong></span> <span class='ocrx_word' id='word_1_3' title='bbox 827 449 918 512; x_wconf 90' lang='lat' dir='ltr'><strong>VAL.</strong></span> <span class='ocrx_word' id='word_1_4' title='bbox 935 449 1161 510; x_wconf 80' lang='lat' dir='ltr'><strong>MAIITIALIS</strong></span> 
     </span>
    </p>
   </div>
   <div class='ocr_carea' id='block_1_2' title="bbox 486 599 1371 1501">
    <p class='ocr_par' dir='ltr' id='par_1_2' title="bbox 486 599 1371 1501">
     <span class='ocr_line' id='line_1_2' title="bbox 572 599 1222 681; baseline 0.002 -20"><span class='ocrx_word' id='word_1_5' title='bbox 572 602 621 661; x_wconf 89' lang='lat' dir='ltr'><strong>Te</strong></span> <span class='ocrx_word' id='word_1_6' title='bbox 636 600 849 681; x_wconf 80' lang='lat' dir='ltr'><strong>dispensator,</strong></span> <span class='ocrx_word' id='word_1_7' title='bbox 871 607 904 660; x_wconf 88' lang='lat' dir='ltr'><strong>te</strong></span> <span class='ocrx_word' id='word_1_8' title='bbox 920 599 1027 661; x_wconf 85' lang='lat' dir='ltr'><strong>demus</strong></span> <span class='ocrx_word' id='word_1_9' title='bbox 1041 603 1108 681; x_wconf 89' lang='lat' dir='ltr'><strong>ipsa</strong></span> <span class='ocrx_word' id='word_1_10' title='bbox 1121 608 1222 681; x_wconf 89' lang='lat' dir='ltr'><strong>pavet.</strong></span> 
     </span>
     <span class='ocr_line' id='line_1_3' title="bbox 530 684 1371 766; baseline -0.001 -19"><span class='ocrx_word' id='word_1_11' title='bbox 530 684 654 747; x_wconf 81' lang='lat' dir='ltr'><strong>Ludere</strong></span> <span class='ocrx_word' id='word_1_12' title='bbox 669 703 727 744; x_wconf 89' lang='lat' dir='ltr'><strong>nec</strong></span> <span class='ocrx_word' id='word_1_13' title='bbox 742 685 848 762; x_wconf 83' lang='lat' dir='ltr'><strong>uobis,</strong></span> <span class='ocrx_word' id='word_1_14' title='bbox 871 704 930 744; x_wconf 89' lang='lat' dir='ltr'><strong>nec</strong></span> <span class='ocrx_word' id='word_1_15' title='bbox 945 691 979 744; x_wconf 87' lang='lat' dir='ltr'><strong>tu</strong></span> <span class='ocrx_word' id='word_1_16' title='bbox 993 687 1148 766; x_wconf 82' lang='lat' dir='ltr'><strong>permittis</strong></span> <span class='ocrx_word' id='word_1_17' title='bbox 1163 706 1291 762; x_wconf 88' lang='lat' dir='ltr'><strong>amare;</strong></span> <span class='ocrx_word' id='word_1_18' title='bbox 1366 693 1371 703; x_wconf 88' lang='lat'>&#39;</span> 
     </span>
     <span class='ocr_line' id='line_1_4' title="bbox 569 768 1198 832; baseline 0.006 -3"><span class='ocrx_word' id='word_1_19' title='bbox 569 768 621 829; x_wconf 90' lang='lat' dir='ltr'><strong>Nil</strong></span> <span class='ocrx_word' id='word_1_20' title='bbox 635 770 710 829; x_wconf 91' lang='lat' dir='ltr'><strong>mihi</strong></span> <span class='ocrx_word' id='word_1_21' title='bbox 724 770 769 829; x_wconf 89' lang='lat' dir='ltr'><strong>vis</strong></span> <span class='ocrx_word' id='word_1_22' title='bbox 784 775 817 828; x_wconf 91' lang='lat' dir='ltr'><strong>et</strong></span> <span class='ocrx_word' id='word_1_23' title='bbox 830 768 876 829; x_wconf 89' lang='lat' dir='ltr'><strong>vis</strong></span> <span class='ocrx_word' id='word_1_24' title='bbox 892 774 1002 829; x_wconf 89' lang='lat' dir='ltr'><strong>cuncta</strong></span> <span class='ocrx_word' id='word_1_25' title='bbox 1015 768 1112 829; x_wconf 91' lang='lat' dir='ltr'><strong>licere</strong></span> <span class='ocrx_word' id='word_1_26' title='bbox 1129 770 1198 832; x_wconf 90' lang='lat' dir='ltr'><strong>tibi.</strong></span> 
     </span>
     <span class='ocr_line' id='line_1_5' title="bbox 531 852 1338 937; baseline 0.001 -23"><span class='ocrx_word' id='word_1_27' title='bbox 531 853 688 933; x_wconf 81' lang='lat' dir='ltr'><strong>Corripis,</strong></span> <span class='ocrx_word' id='word_1_28' title='bbox 712 854 873 930; x_wconf 88' lang='lat' dir='ltr'><strong>observas,</strong></span> <span class='ocrx_word' id='word_1_29' title='bbox 896 853 1054 931; x_wconf 83' lang='lat' dir='ltr'><strong>quereris,</strong></span> <span class='ocrx_word' id='word_1_30' title='bbox 1076 853 1207 933; x_wconf 88' lang='lat' dir='ltr'><strong>suspiria</strong></span> <span class='ocrx_word' id='word_1_31' title='bbox 1225 852 1338 937; x_wconf 88' lang='lat' dir='ltr'><strong>ducis,</strong></span> 
     </span>
     <span class='ocr_line' id='line_1_6' title="bbox 488 934 1141 1015; baseline -0.006 -15"><span class='ocrx_word' id='word_1_32' title='bbox 488 948 523 1000; x_wconf 91' lang='lat'><strong>10</strong></span> <span class='ocrx_word' id='word_1_33' title='bbox 573 937 615 997; x_wconf 85' lang='lat' dir='ltr'><strong>Et</strong></span> <span class='ocrx_word' id='word_1_34' title='bbox 631 938 680 996; x_wconf 86' lang='lat' dir='ltr'><strong>vir</strong></span> <span class='ocrx_word' id='word_1_35' title='bbox 695 957 713 995; x_wconf 92' lang='lat' dir='ltr'><strong>a</strong></span> <span class='ocrx_word' id='word_1_36' title='bbox 726 934 837 999; x_wconf 83' lang='lat' dir='ltr'><strong>ferulis</strong></span> <span class='ocrx_word' id='word_1_37' title='bbox 851 942 1006 1015; x_wconf 79' lang='lat' dir='ltr'><strong>temperat</strong></span> <span class='ocrx_word' id='word_1_38' title='bbox 1019 937 1067 996; x_wconf 89' lang='lat' dir='ltr'><strong>ira</strong></span> <span class='ocrx_word' id='word_1_39' title='bbox 1081 943 1141 997; x_wconf 90' lang='lat' dir='ltr'><strong>tua.</strong></span> 
     </span>
     <span class='ocr_line' id='line_1_7' title="bbox 528 1018 1221 1100; baseline 0 -21"><span class='ocrx_word' id='word_1_40' title='bbox 528 1020 561 1079; x_wconf 89' lang='lat' dir='ltr'><strong>Si</strong></span> <span class='ocrx_word' id='word_1_41' title='bbox 579 1022 692 1099; x_wconf 81' lang='lat' dir='ltr'><strong>TyrIos</strong></span> <span class='ocrx_word' id='word_1_42' title='bbox 708 1020 823 1099; x_wconf 88' lang='lat' dir='ltr'><strong>sumpsi</strong></span> <span class='ocrx_word' id='word_1_43' title='bbox 840 1020 939 1079; x_wconf 85' lang='lat' dir='ltr'><strong>cultus</strong></span> <span class='ocrx_word' id='word_1_44' title='bbox 954 1021 1063 1080; x_wconf 79' lang='lat' dir='ltr'><strong>unxive</strong></span> <span class='ocrx_word' id='word_1_45' title='bbox 1079 1018 1221 1100; x_wconf 82' lang='lat' dir='ltr'><strong>capillos,</strong></span> 
     </span>
     <span class='ocr_line' id='line_1_8' title="bbox 569 1104 1273 1184; baseline -0.001 -20"><span class='ocrx_word' id='word_1_46' title='bbox 569 1104 728 1164; x_wconf 82' lang='lat' dir='ltr'><strong>Exclamas</strong></span> <span class='ocrx_word' id='word_1_47' title='bbox 744 1104 927 1183; x_wconf 85' lang='lat' dir='ltr'><strong>„Nunquam</strong></span> <span class='ocrx_word' id='word_1_48' title='bbox 941 1104 1062 1164; x_wconf 80' lang='lat' dir='ltr'><strong>fecerat</strong></span> <span class='ocrx_word' id='word_1_49' title='bbox 1075 1106 1134 1164; x_wconf 85' lang='lat' dir='ltr'><strong>ista</strong></span> <span class='ocrx_word' id='word_1_50' title='bbox 1149 1104 1273 1184; x_wconf 83' lang='lat' dir='ltr'><strong>pater.“</strong></span> 
     </span>
     <span class='ocr_line' id='line_1_9' title="bbox 525 1187 1292 1268; baseline 0.001 -21"><span class='ocrx_word' id='word_1_51' title='bbox 525 1188 567 1248; x_wconf 76' lang='lat' dir='ltr'><strong>ut</strong></span> <span class='ocrx_word' id='word_1_52' title='bbox 581 1206 724 1249; x_wconf 85' lang='lat' dir='ltr'><strong>numeras</strong></span> <span class='ocrx_word' id='word_1_53' title='bbox 740 1193 864 1247; x_wconf 87' lang='lat' dir='ltr'><strong>nostros</strong></span> <span class='ocrx_word' id='word_1_54' title='bbox 880 1187 1006 1247; x_wconf 86' lang='lat' dir='ltr'><strong>astricta</strong></span> <span class='ocrx_word' id='word_1_55' title='bbox 1020 1188 1124 1248; x_wconf 83' lang='lat' dir='ltr'><strong>fronte</strong></span> <span class='ocrx_word' id='word_1_56' title='bbox 1138 1190 1292 1268; x_wconf 88' lang='lat' dir='ltr'><strong>trientes,</strong></span> 
     </span>
     <span class='ocr_line' id='line_1_10' title="bbox 572 1269 1198 1351; baseline 0.003 -21"><span class='ocrx_word' id='word_1_57' title='bbox 572 1271 730 1351; x_wconf 79' lang='lat' dir='ltr'><strong>Tanquam</strong></span> <span class='ocrx_word' id='word_1_58' title='bbox 751 1270 790 1331; x_wconf 92' lang='lat' dir='ltr'><strong>de</strong></span> <span class='ocrx_word' id='word_1_59' title='bbox 805 1269 884 1330; x_wconf 86' lang='lat' dir='ltr'><strong>cella</strong></span> <span class='ocrx_word' id='word_1_60' title='bbox 898 1272 939 1331; x_wconf 88' lang='lat' dir='ltr'><strong>sit</strong></span> <span class='ocrx_word' id='word_1_61' title='bbox 957 1270 1051 1331; x_wconf 87' lang='lat' dir='ltr'><strong>cadus</strong></span> <span class='ocrx_word' id='word_1_62' title='bbox 1066 1269 1124 1331; x_wconf 88' lang='lat' dir='ltr'><strong>ille</strong></span> <span class='ocrx_word' id='word_1_63' title='bbox 1138 1279 1198 1332; x_wconf 87' lang='lat' dir='ltr'><strong>tua.</strong></span> 
     </span>
     <span class='ocr_line' id='line_1_11' title="bbox 486 1353 1322 1435; baseline 0.001 -19"><span class='ocrx_word' id='word_1_64' title='bbox 486 1354 655 1426; x_wconf 79' lang='lat' dir='ltr'><strong>15DesIne;</strong></span> <span class='ocrx_word' id='word_1_65' title='bbox 677 1375 740 1416; x_wconf 85' lang='lat' dir='ltr'><strong>uun</strong></span> <span class='ocrx_word' id='word_1_66' title='bbox 756 1374 880 1435; x_wconf 86' lang='lat' dir='ltr'><strong>possum</strong></span> <span class='ocrx_word' id='word_1_67' title='bbox 894 1353 1043 1415; x_wconf 87' lang='lat' dir='ltr'><strong>libertum</strong></span> <span class='ocrx_word' id='word_1_68' title='bbox 1057 1356 1143 1416; x_wconf 89' lang='lat' dir='ltr'><strong>ferre</strong></span> <span class='ocrx_word' id='word_1_69' title='bbox 1158 1357 1322 1417; x_wconf 77' lang='lat' dir='ltr'><strong>catonem.</strong></span> 
     </span>
     <span class='ocr_line' id='line_1_12' title="bbox 570 1437 1191 1501; baseline 0.003 -3"><span class='ocrx_word' id='word_1_70' title='bbox 570 1440 647 1498; x_wconf 82' lang='lat' dir='ltr'><strong>Esse</strong></span> <span class='ocrx_word' id='word_1_71' title='bbox 663 1440 761 1498; x_wconf 89' lang='lat' dir='ltr'><strong>virum</strong></span> <span class='ocrx_word' id='word_1_72' title='bbox 777 1440 836 1498; x_wconf 91' lang='lat' dir='ltr'><strong>iam</strong></span> <span class='ocrx_word' id='word_1_73' title='bbox 851 1457 900 1498; x_wconf 92' lang='lat' dir='ltr'><strong>me</strong></span> <span class='ocrx_word' id='word_1_74' title='bbox 916 1437 1000 1499; x_wconf 88' lang='lat' dir='ltr'><strong>dicet</strong></span> <span class='ocrx_word' id='word_1_75' title='bbox 1016 1442 1111 1500; x_wconf 86' lang='lat' dir='ltr'><strong>amica</strong></span> <span class='ocrx_word' id='word_1_76' title='bbox 1125 1441 1191 1501; x_wconf 89' lang='lat' dir='ltr'><strong>tibi.</strong></span> 
     </span>
    </p>
   </div>
   <div class='ocr_carea' id='block_1_3' title="bbox 929 1556 983 1617">
    <p class='ocr_par' dir='ltr' id='par_1_3' title="bbox 929 1556 983 1617">
     <span class='ocr_line' id='line_1_13' title="bbox 929 1556 983 1617; baseline 0 0"><span class='ocrx_word' id='word_1_77' title='bbox 929 1556 983 1617; x_wconf 92' lang='lat' dir='ltr'><strong>XL</strong></span> 
     </span>
    </p>
   </div>
   <div class='ocr_carea' id='block_1_4' title="bbox 499 1652 1149 2155">
    <p class='ocr_par' dir='ltr' id='par_1_4' title="bbox 499 1652 1149 2155">
     <span class='ocr_line' id='line_1_14' title="bbox 525 1652 1142 1733; baseline -0.008 -15"><span class='ocrx_word' id='word_1_78' title='bbox 525 1655 704 1718; x_wconf 82' lang='lat' dir='ltr'><strong>Formosam</strong></span> <span class='ocrx_word' id='word_1_79' title='bbox 718 1652 875 1733; x_wconf 79' lang='lat' dir='ltr'><strong>Glyceran</strong></span> <span class='ocrx_word' id='word_1_80' title='bbox 890 1661 970 1713; x_wconf 88' lang='lat' dir='ltr'><strong>amat</strong></span> <span class='ocrx_word' id='word_1_81' title='bbox 983 1653 1142 1733; x_wconf 75' lang='lat' dir='ltr'><strong>Lupercus</strong></span> 
     </span>
     <span class='ocr_line' id='line_1_15' title="bbox 525 1735 1087 1819; baseline -0.004 -19"><span class='ocrx_word' id='word_1_82' title='bbox 525 1739 567 1800; x_wconf 80' lang='lat' dir='ltr'><strong>m</strong></span> <span class='ocrx_word' id='word_1_83' title='bbox 581 1737 665 1799; x_wconf 86' lang='lat' dir='ltr'><strong>solus</strong></span> <span class='ocrx_word' id='word_1_84' title='bbox 680 1745 770 1799; x_wconf 89' lang='lat' dir='ltr'><strong>tenet</strong></span> <span class='ocrx_word' id='word_1_85' title='bbox 786 1740 979 1819; x_wconf 86' lang='lat' dir='ltr'><strong>imperatque</strong></span> <span class='ocrx_word' id='word_1_86' title='bbox 994 1735 1087 1798; x_wconf 85' lang='lat' dir='ltr'><strong>ssolu.</strong></span> 
     </span>
     <span class='ocr_line' id='line_1_16' title="bbox 526 1822 1123 1900; baseline -0.005 -17"><span class='ocrx_word' id='word_1_87' title='bbox 526 1824 623 1900; x_wconf 81' lang='lat' dir='ltr'><strong>Quem</strong></span> <span class='ocrx_word' id='word_1_88' title='bbox 639 1830 706 1883; x_wconf 86' lang='lat' dir='ltr'><strong>teto</strong></span> <span class='ocrx_word' id='word_1_89' title='bbox 721 1824 781 1883; x_wconf 88' lang='lat' dir='ltr'><strong>sibi</strong></span> <span class='ocrx_word' id='word_1_90' title='bbox 794 1841 900 1882; x_wconf 88' lang='lat' dir='ltr'><strong>mense</strong></span> <span class='ocrx_word' id='word_1_91' title='bbox 915 1841 978 1882; x_wconf 86' lang='lat' dir='ltr'><strong>nou</strong></span> <span class='ocrx_word' id='word_1_92' title='bbox 993 1822 1123 1881; x_wconf 84' lang='lat' dir='ltr'><strong>fututam</strong></span> 
     </span>
     <span class='ocr_line' id='line_1_17' title="bbox 526 1905 1102 1986; baseline -0.005 -19"><span class='ocrx_word' id='word_1_93' title='bbox 526 1909 603 1968; x_wconf 85' lang='lat' dir='ltr'><strong>Cum</strong></span> <span class='ocrx_word' id='word_1_94' title='bbox 616 1908 716 1967; x_wconf 89' lang='lat' dir='ltr'><strong>tristis</strong></span> <span class='ocrx_word' id='word_1_95' title='bbox 732 1912 918 1986; x_wconf 84' lang='lat' dir='ltr'><strong>quereretur</strong></span> <span class='ocrx_word' id='word_1_96' title='bbox 933 1911 966 1965; x_wconf 88' lang='lat' dir='ltr'><strong>et</strong></span> <span class='ocrx_word' id='word_1_97' title='bbox 980 1905 1102 1983; x_wconf 81' lang='lat' dir='ltr'><strong>roganti</strong></span> 
     </span>
     <span class='ocr_line' id='line_1_18' title="bbox 499 1987 1072 2067; baseline -0.016 -12"><span class='ocrx_word' id='word_1_98' title='bbox 499 1992 652 2055; x_wconf 79' lang='lat' dir='ltr'><strong>50ausam</strong></span> <span class='ocrx_word' id='word_1_99' title='bbox 666 1988 801 2051; x_wconf 87' lang='lat' dir='ltr'><strong>reddere</strong></span> <span class='ocrx_word' id='word_1_100' title='bbox 815 1988 912 2051; x_wconf 83' lang='lat' dir='ltr'><strong>vellet</strong></span> <span class='ocrx_word' id='word_1_101' title='bbox 925 1987 1072 2067; x_wconf 86' lang='lat' dir='ltr'><strong>Aeliano,</strong></span> 
     </span>
     <span class='ocr_line' id='line_1_19' title="bbox 523 2071 1149 2155; baseline -0.002 -21"><span class='ocrx_word' id='word_1_102' title='bbox 523 2074 715 2155; x_wconf 79' lang='lat' dir='ltr'><strong>Respondit,</strong></span> <span class='ocrx_word' id='word_1_103' title='bbox 736 2072 889 2153; x_wconf 79' lang='lat' dir='ltr'><strong>Glycerae</strong></span> <span class='ocrx_word' id='word_1_104' title='bbox 905 2071 1014 2133; x_wconf 87' lang='lat' dir='ltr'><strong>dolere</strong></span> <span class='ocrx_word' id='word_1_105' title='bbox 1030 2071 1149 2133; x_wconf 88' lang='lat' dir='ltr'><strong>dentes.</strong></span> 
     </span>
    </p>
   </div>
   <div class='ocr_carea' id='block_1_5' title="bbox 923 2203 1001 2262">
    <p class='ocr_par' dir='ltr' id='par_1_5' title="bbox 923 2203 1001 2262">
     <span class='ocr_line' id='line_1_20' title="bbox 923 2203 1001 2262; baseline 0 0"><span class='ocrx_word' id='word_1_106' title='bbox 923 2203 1001 2262; x_wconf 87' lang='lat' dir='ltr'><strong>XLI.</strong></span> 
     </span>
    </p>
   </div>
   <div class='ocr_carea' id='block_1_6' title="bbox 496 2299 1303 2968">
    <p class='ocr_par' dir='ltr' id='par_1_6' title="bbox 524 2299 1303 2464">
     <span class='ocr_line' id='line_1_21' title="bbox 524 2299 1303 2382; baseline 0.006 -22"><span class='ocrx_word' id='word_1_107' title='bbox 524 2300 669 2380; x_wconf 83' lang='lat' dir='ltr'><strong>Indulget</strong></span> <span class='ocrx_word' id='word_1_108' title='bbox 683 2302 789 2380; x_wconf 86' lang='lat' dir='ltr'><strong>pecori</strong></span> <span class='ocrx_word' id='word_1_109' title='bbox 805 2302 930 2360; x_wconf 79' lang='lat' dir='ltr'><strong>nlmium</strong></span> <span class='ocrx_word' id='word_1_110' title='bbox 947 2299 1017 2360; x_wconf 92' lang='lat' dir='ltr'><strong>dum</strong></span> <span class='ocrx_word' id='word_1_111' title='bbox 1034 2308 1140 2382; x_wconf 87' lang='lat' dir='ltr'><strong>paster</strong></span> <span class='ocrx_word' id='word_1_112' title='bbox 1154 2304 1303 2382; x_wconf 86' lang='lat' dir='ltr'><strong>Amyntas</strong></span> 
     </span>
     <span class='ocr_line' id='line_1_22' title="bbox 568 2383 1162 2464; baseline 0.003 -21"><span class='ocrx_word' id='word_1_113' title='bbox 568 2385 611 2443; x_wconf 86' lang='lat' dir='ltr'><strong>Et</strong></span> <span class='ocrx_word' id='word_1_114' title='bbox 625 2383 738 2462; x_wconf 85' lang='lat' dir='ltr'><strong>gaudet</strong></span> <span class='ocrx_word' id='word_1_115' title='bbox 753 2385 832 2444; x_wconf 87' lang='lat' dir='ltr'><strong>fama</strong></span> <span class='ocrx_word' id='word_1_116' title='bbox 846 2383 1028 2464; x_wconf 80' lang='lat' dir='ltr'><strong>luxuriaque</strong></span> <span class='ocrx_word' id='word_1_117' title='bbox 1043 2387 1162 2464; x_wconf 82' lang='lat' dir='ltr'><strong>gregis,</strong></span> 
     </span>
    </p>

    <p class='ocr_par' dir='ltr' id='par_1_7' title="bbox 523 2466 1247 2634">
     <span class='ocr_line' id='line_1_23' title="bbox 523 2466 1247 2548; baseline 0.004 -21"><span class='ocrx_word' id='word_1_118' title='bbox 523 2466 682 2528; x_wconf 79' lang='lat' dir='ltr'><strong>Cedentes</strong></span> <span class='ocrx_word' id='word_1_119' title='bbox 698 2470 786 2528; x_wconf 86' lang='lat' dir='ltr'><strong>oneri</strong></span> <span class='ocrx_word' id='word_1_120' title='bbox 800 2489 901 2528; x_wconf 89' lang='lat' dir='ltr'><strong>ramos</strong></span> <span class='ocrx_word' id='word_1_121' title='bbox 917 2468 1084 2548; x_wconf 80' lang='lat' dir='ltr'><strong>silvamque</strong></span> <span class='ocrx_word' id='word_1_122' title='bbox 1100 2471 1247 2530; x_wconf 88' lang='lat' dir='ltr'><strong>fluentem</strong></span> 
     </span>
     <span class='ocr_line' id='line_1_24' title="bbox 566 2551 1172 2634; baseline 0 -21"><span class='ocrx_word' id='word_1_123' title='bbox 566 2551 668 2630; x_wconf 77' lang='lat' dir='ltr'><strong>Vim,</strong></span> <span class='ocrx_word' id='word_1_124' title='bbox 688 2570 849 2612; x_wconf 84' lang='lat' dir='ltr'><strong>concussas</strong></span> <span class='ocrx_word' id='word_1_125' title='bbox 865 2555 933 2633; x_wconf 88' lang='lat' dir='ltr'><strong>ipse</strong></span> <span class='ocrx_word' id='word_1_126' title='bbox 950 2559 1072 2612; x_wconf 88' lang='lat' dir='ltr'><strong>secutus</strong></span> <span class='ocrx_word' id='word_1_127' title='bbox 1089 2572 1172 2634; x_wconf 85' lang='lat' dir='ltr'><strong>opes.</strong></span> 
     </span>
    </p>

    <p class='ocr_par' dir='ltr' id='par_1_8' title="bbox 496 2634 1269 2717">
     <span class='ocr_line' id='line_1_25' title="bbox 496 2634 1269 2717; baseline 0.001 -22"><span class='ocrx_word' id='word_1_128' title='bbox 496 2634 632 2695; x_wconf 73' lang='lat' dir='ltr'><strong>uTriste</strong></span> <span class='ocrx_word' id='word_1_129' title='bbox 646 2654 754 2695; x_wconf 87' lang='lat' dir='ltr'><strong>nemus</strong></span> <span class='ocrx_word' id='word_1_130' title='bbox 770 2635 856 2696; x_wconf 90' lang='lat' dir='ltr'><strong>dirae</strong></span> <span class='ocrx_word' id='word_1_131' title='bbox 870 2638 968 2697; x_wconf 89' lang='lat' dir='ltr'><strong>vetuit</strong></span> <span class='ocrx_word' id='word_1_132' title='bbox 983 2655 1147 2717; x_wconf 78' lang='lat' dir='ltr'><strong>superesse</strong></span> <span class='ocrx_word' id='word_1_133' title='bbox 1163 2638 1269 2696; x_wconf 88' lang='lat' dir='ltr'><strong>ruinae</strong></span> 
     </span>
    </p>

    <p class='ocr_par' dir='ltr' id='par_1_9' title="bbox 563 2718 1195 2800">
     <span class='ocr_line' id='line_1_26' title="bbox 563 2718 1195 2800; baseline 0 -22"><span class='ocrx_word' id='word_1_134' title='bbox 563 2721 784 2800; x_wconf 86' lang='lat' dir='ltr'><strong>Damnavitque</strong></span> <span class='ocrx_word' id='word_1_135' title='bbox 798 2722 883 2799; x_wconf 83' lang='lat' dir='ltr'><strong>rogis</strong></span> <span class='ocrx_word' id='word_1_136' title='bbox 898 2722 988 2780; x_wconf 86' lang='lat' dir='ltr'><strong>noxia</strong></span> <span class='ocrx_word' id='word_1_137' title='bbox 1000 2718 1082 2800; x_wconf 82' lang='lat' dir='ltr'><strong>ligna</strong></span> <span class='ocrx_word' id='word_1_138' title='bbox 1097 2726 1195 2800; x_wconf 86' lang='lat' dir='ltr'><strong>pater.</strong></span> 
     </span>
    </p>

    <p class='ocr_par' dir='ltr' id='par_1_10' title="bbox 522 2802 1294 2968">
     <span class='ocr_line' id='line_1_27' title="bbox 522 2802 1294 2883; baseline 0.004 -21"><span class='ocrx_word' id='word_1_139' title='bbox 522 2802 671 2882; x_wconf 81' lang='lat' dir='ltr'><strong>Pingues,</strong></span> <span class='ocrx_word' id='word_1_140' title='bbox 693 2803 816 2883; x_wconf 84' lang='lat' dir='ltr'><strong>Lygde,</strong></span> <span class='ocrx_word' id='word_1_141' title='bbox 838 2823 909 2864; x_wconf 88' lang='lat' dir='ltr'><strong>sues</strong></span> <span class='ocrx_word' id='word_1_142' title='bbox 927 2805 1039 2863; x_wconf 86' lang='lat' dir='ltr'><strong>habeat</strong></span> <span class='ocrx_word' id='word_1_143' title='bbox 1056 2805 1173 2864; x_wconf 86' lang='lat' dir='ltr'><strong>vicinus</strong></span> <span class='ocrx_word' id='word_1_144' title='bbox 1188 2802 1294 2865; x_wconf 90' lang='lat' dir='ltr'><strong>Iollas:</strong></span> 
     </span>
     <span class='ocr_line' id='line_1_28' title="bbox 564 2886 1205 2968; baseline 0.003 -22"><span class='ocrx_word' id='word_1_145' title='bbox 564 2886 612 2946; x_wconf 79' lang='lat' dir='ltr'><strong>&#39;I&#39;e</strong></span> <span class='ocrx_word' id='word_1_146' title='bbox 629 2889 703 2947; x_wconf 87' lang='lat' dir='ltr'><strong>satis</strong></span> <span class='ocrx_word' id='word_1_147' title='bbox 719 2893 768 2947; x_wconf 88' lang='lat' dir='ltr'><strong>est</strong></span> <span class='ocrx_word' id='word_1_148' title='bbox 780 2888 870 2948; x_wconf 88' lang='lat' dir='ltr'><strong>nobis</strong></span> <span class='ocrx_word' id='word_1_149' title='bbox 887 2906 1089 2948; x_wconf 89' lang='lat' dir='ltr'><strong>annumerare</strong></span> <span class='ocrx_word' id='word_1_150' title='bbox 1103 2907 1205 2968; x_wconf 90' lang='lat' dir='ltr'><strong>pecus.</strong></span> 
     </span>
    </p>
   </div>
   <div class='ocr_carea' id='block_1_7' title="bbox 902 3016 998 3079">
    <p class='ocr_par' dir='ltr' id='par_1_11' title="bbox 902 3016 998 3079">
     <span class='ocr_line' id='line_1_29' title="bbox 902 3016 998 3079; baseline 0.094 -9"><span class='ocrx_word' id='word_1_151' title='bbox 902 3016 998 3079; x_wconf 84' lang='lat' dir='ltr'><strong>XLII.</strong></span> 
     </span>
    </p>
   </div>
   <div class='ocr_carea' id='block_1_8' title="bbox 518 3110 1326 3444">
    <p class='ocr_par' dir='ltr' id='par_1_12' title="bbox 520 3110 1326 3277">
     <span class='ocr_line' id='line_1_30' title="bbox 520 3110 1326 3193; baseline 0.002 -21"><span class='ocrx_word' id='word_1_152' title='bbox 520 3110 631 3173; x_wconf 87' lang='lat' dir='ltr'><strong>Vivida</strong></span> <span class='ocrx_word' id='word_1_153' title='bbox 645 3131 712 3171; x_wconf 89' lang='lat' dir='ltr'><strong>eum</strong></span> <span class='ocrx_word' id='word_1_154' title='bbox 726 3131 835 3192; x_wconf 83' lang='lat' dir='ltr'><strong>poscas</strong></span> <span class='ocrx_word' id='word_1_155' title='bbox 850 3114 1083 3192; x_wconf 80' lang='lat' dir='ltr'><strong>epigrammata,</strong></span> <span class='ocrx_word' id='word_1_156' title='bbox 1101 3119 1221 3173; x_wconf 85' lang='lat' dir='ltr'><strong>mortua</strong></span> <span class='ocrx_word' id='word_1_157' title='bbox 1234 3116 1326 3193; x_wconf 90' lang='lat' dir='ltr'><strong>ponis</strong></span> 
     </span>
     <span class='ocr_line' id='line_1_31' title="bbox 564 3194 1302 3277; baseline 0.003 -23"><span class='ocrx_word' id='word_1_158' title='bbox 564 3194 729 3256; x_wconf 90' lang='lat' dir='ltr'><strong>Lemmata.</strong></span> <span class='ocrx_word' id='word_1_159' title='bbox 757 3194 839 3272; x_wconf 81' lang='lat' dir='ltr'><strong>Quid</strong></span> <span class='ocrx_word' id='word_1_160' title='bbox 852 3197 940 3273; x_wconf 81' lang='lat' dir='ltr'><strong>fierI,</strong></span> <span class='ocrx_word' id='word_1_161' title='bbox 963 3195 1153 3274; x_wconf 78' lang='lat' dir='ltr'><strong>caeciliane,</strong></span> <span class='ocrx_word' id='word_1_162' title='bbox 1174 3199 1302 3277; x_wconf 78' lang='lat' dir='ltr'><strong>potest?</strong></span> 
     </span>
    </p>

    <p class='ocr_par' dir='ltr' id='par_1_13' title="bbox 518 3277 1300 3444">
     <span class='ocr_line' id='line_1_32' title="bbox 518 3277 1300 3359; baseline 0.001 -20"><span class='ocrx_word' id='word_1_163' title='bbox 518 3277 616 3339; x_wconf 90' lang='lat' dir='ltr'><strong>Mella</strong></span> <span class='ocrx_word' id='word_1_164' title='bbox 629 3279 718 3338; x_wconf 88' lang='lat' dir='ltr'><strong>iubes</strong></span> <span class='ocrx_word' id='word_1_165' title='bbox 732 3278 873 3358; x_wconf 88' lang='lat' dir='ltr'><strong>Hyblaea</strong></span> <span class='ocrx_word' id='word_1_166' title='bbox 886 3280 945 3339; x_wconf 90' lang='lat' dir='ltr'><strong>tibi</strong></span> <span class='ocrx_word' id='word_1_167' title='bbox 959 3278 1010 3339; x_wconf 91' lang='lat' dir='ltr'><strong>vel</strong></span> <span class='ocrx_word' id='word_1_168' title='bbox 1026 3280 1185 3358; x_wconf 86' lang='lat' dir='ltr'><strong>Hymettia</strong></span> <span class='ocrx_word' id='word_1_169' title='bbox 1199 3282 1300 3359; x_wconf 88' lang='lat' dir='ltr'><strong>nasci,</strong></span> 
     </span>
     <span class='ocr_line' id='line_1_33' title="bbox 559 3362 1239 3444; baseline -0.001 -20"><span class='ocrx_word' id='word_1_170' title='bbox 559 3362 602 3424; x_wconf 80' lang='lat' dir='ltr'><strong>m</strong></span> <span class='ocrx_word' id='word_1_171' title='bbox 616 3363 720 3443; x_wconf 81' lang='lat' dir='ltr'><strong>thyma</strong></span> <span class='ocrx_word' id='word_1_172' title='bbox 735 3363 907 3444; x_wconf 78' lang='lat' dir='ltr'><strong>cecropiae</strong></span> <span class='ocrx_word' id='word_1_173' title='bbox 922 3363 1049 3424; x_wconf 77' lang='lat' dir='ltr'><strong>Corsica</strong></span> <span class='ocrx_word' id='word_1_174' title='bbox 1063 3364 1154 3443; x_wconf 80' lang='lat' dir='ltr'><strong>ponIs</strong></span> <span class='ocrx_word' id='word_1_175' title='bbox 1168 3364 1239 3443; x_wconf 68' lang='lat' dir='ltr'><strong>epit</strong></span> 
     </span>
    </p>
   </div>
   <div class='ocr_carea' id='block_1_9' title="bbox 845 3497 1005 3559">
    <p class='ocr_par' dir='ltr' id='par_1_14' title="bbox 845 3497 1005 3559">
     <span class='ocr_line' id='line_1_34' title="bbox 845 3497 1005 3559; baseline 0.013 -2"><span class='ocrx_word' id='word_1_176' title='bbox 845 3531 847 3535; x_wconf 93' lang='lat'>·</span> <span class='ocrx_word' id='word_1_177' title='bbox 901 3497 1005 3559; x_wconf 90' lang='lat' dir='ltr'><strong>XLIII.</strong></span> 
     </span>
    </p>
   </div>
   <div class='ocr_carea' id='block_1_10' title="bbox 519 3590 1353 3759">
    <p class='ocr_par' dir='ltr' id='par_1_15' title="bbox 519 3590 1353 3759">
     <span class='ocr_line' id='line_1_35' title="bbox 519 3590 1353 3676; baseline 0.01 -26"><span class='ocrx_word' id='word_1_178' title='bbox 519 3590 715 3671; x_wconf 84' lang='lat' dir='ltr'><strong>Deprensum</strong></span> <span class='ocrx_word' id='word_1_179' title='bbox 723 3595 762 3662; x_wconf 80' lang='lat' dir='ltr'><strong>in</strong></span> <span class='ocrx_word' id='word_1_180' title='bbox 776 3613 874 3676; x_wconf 89' lang='lat' dir='ltr'><strong>puero</strong></span> <span class='ocrx_word' id='word_1_181' title='bbox 890 3596 1011 3656; x_wconf 82' lang='lat' dir='ltr'><strong>tetricis</strong></span> <span class='ocrx_word' id='word_1_182' title='bbox 1027 3597 1232 3674; x_wconf 74' lang='lat' dir='ltr'><strong>meroribus,</strong></span> <span class='ocrx_word' id='word_1_183' title='bbox 1254 3615 1353 3676; x_wconf 81' lang='lat' dir='ltr'><strong>uxor,</strong></span> 
     </span>
     <span class='ocr_line' id='line_1_36' title="bbox 561 3675 1312 3759; baseline 0.012 -23"><span class='ocrx_word' id='word_1_184' title='bbox 561 3675 701 3758; x_wconf 76' lang='lat' dir='ltr'><strong>Corripis</strong></span> <span class='ocrx_word' id='word_1_185' title='bbox 719 3685 752 3740; x_wconf 88' lang='lat' dir='ltr'><strong>et</strong></span> <span class='ocrx_word' id='word_1_186' title='bbox 768 3677 870 3739; x_wconf 91' lang='lat' dir='ltr'><strong>culum</strong></span> <span class='ocrx_word' id='word_1_187' title='bbox 884 3687 917 3739; x_wconf 89' lang='lat' dir='ltr'><strong>te</strong></span> <span class='ocrx_word' id='word_1_188' title='bbox 932 3698 1054 3759; x_wconf 88' lang='lat' dir='ltr'><strong>quoquc</strong></span> <span class='ocrx_word' id='word_1_189' title='bbox 1068 3681 1185 3740; x_wconf 88' lang='lat' dir='ltr'><strong>habere</strong></span> <span class='ocrx_word' id='word_1_190' title='bbox 1198 3679 1312 3745; x_wconf 77' lang='lat' dir='ltr'><strong>refers.</strong></span> 
     </span>
    </p>
   </div>
   <div class='ocr_carea' id='block_1_11' title="bbox 0 0 1722 4575">
    <p class='ocr_par' dir='ltr' id='par_1_16' title="bbox 0 0 1722 4575">
     <span class='ocr_line' id='line_1_37' title="bbox 0 0 1722 4575; baseline 0 0"><span class='ocrx_word' id='word_1_191' title='bbox 0 0 1722 4575; x_wconf 95' lang='lat' dir='ltr'><strong> </strong></span> 
     </span>
    </p>
   </div>
  </div>
 </body>
</html>
