<?xml version="1.0" encoding="UTF-8"?>
<!DOCTYPE html PUBLIC "-//W3C//DTD XHTML 1.0 Transitional//EN"
    "http://www.w3.org/TR/xhtml1/DTD/xhtml1-transitional.dtd">
<html xmlns="http://www.w3.org/1999/xhtml" xml:lang="en" lang="en">
 <head>
  <title>
</title>
<meta http-equiv="Content-Type" content="text/html;charset=utf-8" />
  <meta name='ocr-system' content='tesseract 3.04.00' />
  <meta name='ocr-capabilities' content='ocr_page ocr_carea ocr_par ocr_line ocrx_word'/>
</head>
<body>
  <div class='ocr_page' id='page_1' title='image "./satirarumlibriq00juvegoog_0398.png"; bbox 0 0 3434 4575; ppageno 0'>
   <div class='ocr_carea' id='block_1_1' title="bbox 332 355 1050 424">
    <p class='ocr_par' dir='ltr' id='par_1_1' title="bbox 332 355 1050 424">
     <span class='ocr_line' id='line_1_1' title="bbox 332 355 1050 424; baseline 0.004 -3"><span class='ocrx_word' id='word_1_1' title='bbox 332 355 395 421; x_wconf 77' lang='lat'><strong>1⁹2</strong></span> <span class='ocrx_word' id='word_1_2' title='bbox 653 359 697 420; x_wconf 72' lang='lat' dir='ltr'><strong>lt</strong></span> <span class='ocrx_word' id='word_1_3' title='bbox 712 359 806 422; x_wconf 83' lang='lat' dir='ltr'>VAL.</span> <span class='ocrx_word' id='word_1_4' title='bbox 821 360 1050 424; x_wconf 67' lang='lat' dir='ltr'><strong>uiuimus</strong></span> 
     </span>
    </p>
   </div>
   <div class='ocr_carea' id='block_1_2' title="bbox 415 509 1028 674">
    <p class='ocr_par' dir='ltr' id='par_1_2' title="bbox 415 509 1028 674">
     <span class='ocr_line' id='line_1_2' title="bbox 416 509 1028 591; baseline 0.008 -21"><span class='ocrx_word' id='word_1_5' title='bbox 416 511 507 587; x_wconf 76' lang='lat' dir='ltr'><strong>Quod</strong></span> <span class='ocrx_word' id='word_1_6' title='bbox 520 512 547 570; x_wconf 84' lang='lat' dir='ltr'><strong>ai</strong></span> <span class='ocrx_word' id='word_1_7' title='bbox 559 509 642 570; x_wconf 86' lang='lat' dir='ltr'><strong>ludia</strong></span> <span class='ocrx_word' id='word_1_8' title='bbox 656 510 756 572; x_wconf 87' lang='lat' dir='ltr'><strong>adhue</strong></span> <span class='ocrx_word' id='word_1_9' title='bbox 770 512 928 591; x_wconf 70' lang='lat' dir='ltr'><strong>semelque</strong></span> <span class='ocrx_word' id='word_1_10' title='bbox 942 517 1028 575; x_wconf 70' lang='lat' dir='ltr'><strong>nasci</strong></span> 
     </span>
     <span class='ocr_line' id='line_1_3' title="bbox 415 595 989 674; baseline 0.003 -19"><span class='ocrx_word' id='word_1_11' title='bbox 415 595 485 655; x_wconf 89' lang='lat' dir='ltr'><strong>Uno</strong></span> <span class='ocrx_word' id='word_1_12' title='bbox 500 596 560 655; x_wconf 86' lang='lat' dir='ltr'><strong>lam</strong></span> <span class='ocrx_word' id='word_1_13' title='bbox 574 597 632 654; x_wconf 84' lang='lat' dir='ltr'><strong>tibi</strong></span> <span class='ocrx_word' id='word_1_14' title='bbox 647 614 709 654; x_wconf 94' lang='lat' dir='ltr'><strong>uou</strong></span> <span class='ocrx_word' id='word_1_15' title='bbox 722 603 771 655; x_wconf 78' lang='lat' dir='ltr'><strong>sat</strong></span> <span class='ocrx_word' id='word_1_16' title='bbox 784 604 833 655; x_wconf 84' lang='lat' dir='ltr'><strong>eat</strong></span> <span class='ocrx_word' id='word_1_17' title='bbox 846 599 879 656; x_wconf 93' lang='lat' dir='ltr'><strong>in</strong></span> <span class='ocrx_word' id='word_1_18' title='bbox 894 617 989 674; x_wconf 89' lang='lat' dir='ltr'><strong>auno,</strong></span> 
     </span>
    </p>
   </div>
   <div class='ocr_carea' id='block_1_3' title="bbox 414 678 1047 760">
    <p class='ocr_par' dir='ltr' id='par_1_3' title="bbox 414 678 1047 760">
     <span class='ocr_line' id='line_1_4' title="bbox 414 678 1047 760; baseline 0.008 -22"><span class='ocrx_word' id='word_1_19' title='bbox 414 678 525 738; x_wconf 85' lang='lat' dir='ltr'><strong>Natum</strong></span> <span class='ocrx_word' id='word_1_20' title='bbox 539 687 589 757; x_wconf 89' lang='lat' dir='ltr'><strong>te,</strong></span> <span class='ocrx_word' id='word_1_21' title='bbox 610 678 719 758; x_wconf 76' lang='lat' dir='ltr'><strong>Clyte,</strong></span> <span class='ocrx_word' id='word_1_22' title='bbox 740 698 798 740; x_wconf 88' lang='lat' dir='ltr'><strong>uec</strong></span> <span class='ocrx_word' id='word_1_23' title='bbox 812 680 910 740; x_wconf 83' lang='lat' dir='ltr'><strong>uemel</strong></span> <span class='ocrx_word' id='word_1_24' title='bbox 923 684 1047 760; x_wconf 82' lang='lat' dir='ltr'><strong>putabo.</strong></span> 
     </span>
    </p>
   </div>
   <div class='ocr_carea' id='block_1_4' title="bbox 415 814 1111 1004">
    <p class='ocr_par' dir='ltr' id='par_1_4' title="bbox 415 814 1111 1004">
     <span class='ocr_line' id='line_1_5' title="bbox 801 814 896 876; baseline 0.021 -2"><span class='ocrx_word' id='word_1_25' title='bbox 801 814 896 876; x_wconf 79' lang='lat' dir='ltr'><strong>va.</strong></span> 
     </span>
     <span class='ocr_line' id='line_1_6' title="bbox 415 899 1111 1004; baseline 0.003 -18"><span class='ocrx_word' id='word_1_26' title='bbox 415 927 476 986; x_wconf 88' lang='lat' dir='ltr'><strong>Hie</strong></span> <span class='ocrx_word' id='word_1_27' title='bbox 490 928 542 986; x_wconf 87' lang='lat' dir='ltr'><strong>ubi</strong></span> <span class='ocrx_word' id='word_1_28' title='bbox 554 899 712 985; x_wconf 73' lang='lat' dir='ltr'><strong>Fortunae</strong></span> <span class='ocrx_word' id='word_1_29' title='bbox 729 925 864 986; x_wconf 72' lang='lat' dir='ltr'><strong>Reducis</strong></span> <span class='ocrx_word' id='word_1_30' title='bbox 878 925 1029 1004; x_wconf 79' lang='lat' dir='ltr'><strong>fulgentia</strong></span> <span class='ocrx_word' id='word_1_31' title='bbox 1042 925 1111 989; x_wconf 89' lang='lat' dir='ltr'><strong>late</strong></span> 
     </span>
    </p>
   </div>
   <div class='ocr_carea' id='block_1_5' title="bbox 374 1006 1333 1917">
    <p class='ocr_par' dir='ltr' id='par_1_5' title="bbox 374 1006 1333 1917">
     <span class='ocr_line' id='line_1_7' title="bbox 458 1006 1121 1090; baseline 0.006 -21"><span class='ocrx_word' id='word_1_32' title='bbox 458 1006 590 1089; x_wconf 81' lang='lat' dir='ltr'><strong>Temple</strong></span> <span class='ocrx_word' id='word_1_33' title='bbox 603 1011 722 1087; x_wconf 79' lang='lat' dir='ltr'><strong>nitent,</strong></span> <span class='ocrx_word' id='word_1_34' title='bbox 741 1009 818 1069; x_wconf 80' lang='lat' dir='ltr'><strong>felix</strong></span> <span class='ocrx_word' id='word_1_35' title='bbox 831 1030 904 1070; x_wconf 88' lang='lat' dir='ltr'><strong>area</strong></span> <span class='ocrx_word' id='word_1_36' title='bbox 916 1029 1018 1090; x_wconf 82' lang='lat' dir='ltr'>nuper</span> <span class='ocrx_word' id='word_1_37' title='bbox 1032 1020 1121 1088; x_wconf 84' lang='lat' dir='ltr'><strong>erat;</strong></span> 
     </span>
     <span class='ocr_line' id='line_1_8' title="bbox 416 1093 1107 1175; baseline 0.004 -22"><span class='ocrx_word' id='word_1_38' title='bbox 416 1095 477 1154; x_wconf 85' lang='lat' dir='ltr'><strong>Hie</strong></span> <span class='ocrx_word' id='word_1_39' title='bbox 493 1095 583 1154; x_wconf 79' lang='lat' dir='ltr'><strong>stetit</strong></span> <span class='ocrx_word' id='word_1_40' title='bbox 595 1095 704 1153; x_wconf 79' lang='lat' dir='ltr'><strong>Arctoi</strong></span> <span class='ocrx_word' id='word_1_41' title='bbox 718 1094 871 1154; x_wconf 82' lang='lat' dir='ltr'><strong>formoaua</strong></span> <span class='ocrx_word' id='word_1_42' title='bbox 884 1093 1014 1175; x_wconf 79' lang='lat' dir='ltr'><strong>pulvere</strong></span> <span class='ocrx_word' id='word_1_43' title='bbox 1028 1095 1107 1156; x_wconf 82' lang='lat' dir='ltr'><strong>belli</strong></span> 
     </span>
     <span class='ocr_line' id='line_1_9' title="bbox 458 1175 1186 1258; baseline 0.008 -21"><span class='ocrx_word' id='word_1_44' title='bbox 458 1178 653 1258; x_wconf 86' lang='lat' dir='ltr'><strong>Purpureum</strong></span> <span class='ocrx_word' id='word_1_45' title='bbox 670 1175 804 1237; x_wconf 79' lang='lat' dir='ltr'><strong>fundens</strong></span> <span class='ocrx_word' id='word_1_46' title='bbox 819 1180 935 1239; x_wconf 79' lang='lat' dir='ltr'><strong>Gaeaar</strong></span> <span class='ocrx_word' id='word_1_47' title='bbox 949 1179 987 1238; x_wconf 88' lang='lat' dir='ltr'><strong>ab</strong></span> <span class='ocrx_word' id='word_1_48' title='bbox 1001 1199 1060 1239; x_wconf 87' lang='lat' dir='ltr'><strong>ore</strong></span> <span class='ocrx_word' id='word_1_49' title='bbox 1073 1183 1186 1258; x_wconf 75' lang='lat' dir='ltr'><strong>iubar3</strong></span> 
     </span>
     <span class='ocr_line' id='line_1_10' title="bbox 391 1260 1146 1326; baseline 0.003 -2"><span class='ocrx_word' id='word_1_50' title='bbox 391 1261 578 1324; x_wconf 68' lang='lat' dir='ltr'><strong>siliciam</strong></span> <span class='ocrx_word' id='word_1_51' title='bbox 592 1260 737 1321; x_wconf 84' lang='lat' dir='ltr'><strong>redimita</strong></span> <span class='ocrx_word' id='word_1_52' title='bbox 749 1281 851 1322; x_wconf 78' lang='lat' dir='ltr'><strong>comas</strong></span> <span class='ocrx_word' id='word_1_53' title='bbox 865 1270 898 1322; x_wconf 86' lang='lat' dir='ltr'><strong>et</strong></span> <span class='ocrx_word' id='word_1_54' title='bbox 912 1261 1042 1323; x_wconf 84' lang='lat' dir='ltr'><strong>eandida</strong></span> <span class='ocrx_word' id='word_1_55' title='bbox 1057 1264 1146 1326; x_wconf 79' lang='lat' dir='ltr'><strong>cultu</strong></span> 
     </span>
     <span class='ocr_line' id='line_1_11' title="bbox 457 1343 1082 1423; baseline 0.006 -19"><span class='ocrx_word' id='word_1_56' title='bbox 457 1346 553 1405; x_wconf 85' lang='lat' dir='ltr'><strong>Roma</strong></span> <span class='ocrx_word' id='word_1_57' title='bbox 567 1343 712 1404; x_wconf 74' lang='lat' dir='ltr'><strong>salutavit</strong></span> <span class='ocrx_word' id='word_1_58' title='bbox 725 1364 800 1405; x_wconf 79' lang='lat' dir='ltr'><strong>voce</strong></span> <span class='ocrx_word' id='word_1_59' title='bbox 815 1365 966 1423; x_wconf 86' lang='lat' dir='ltr'><strong>manuque</strong></span> <span class='ocrx_word' id='word_1_60' title='bbox 980 1344 1082 1408; x_wconf 87' lang='lat' dir='ltr'><strong>deum.</strong></span> 
     </span>
     <span class='ocr_line' id='line_1_12' title="bbox 415 1428 1222 1496; baseline 0.006 -7"><span class='ocrx_word' id='word_1_61' title='bbox 415 1428 541 1490; x_wconf 82' lang='lat' dir='ltr'><strong>Grande</strong></span> <span class='ocrx_word' id='word_1_62' title='bbox 555 1429 617 1488; x_wconf 82' lang='lat' dir='ltr'><strong>loci</strong></span> <span class='ocrx_word' id='word_1_63' title='bbox 630 1430 774 1487; x_wconf 88' lang='lat' dir='ltr'><strong>meritum</strong></span> <span class='ocrx_word' id='word_1_64' title='bbox 788 1436 943 1490; x_wconf 87' lang='lat' dir='ltr'><strong>teatautur</strong></span> <span class='ocrx_word' id='word_1_65' title='bbox 957 1439 989 1489; x_wconf 90' lang='lat' dir='ltr'><strong>et</strong></span> <span class='ocrx_word' id='word_1_66' title='bbox 1004 1429 1106 1492; x_wconf 90' lang='lat' dir='ltr'><strong>altera</strong></span> <span class='ocrx_word' id='word_1_67' title='bbox 1120 1433 1222 1496; x_wconf 90' lang='lat' dir='ltr'><strong>dona:</strong></span> 
     </span>
     <span class='ocr_line' id='line_1_13' title="bbox 459 1511 1181 1592; baseline 0.01 -21"><span class='ocrx_word' id='word_1_68' title='bbox 459 1513 529 1572; x_wconf 88' lang='lat' dir='ltr'><strong>Stat</strong></span> <span class='ocrx_word' id='word_1_69' title='bbox 542 1530 630 1571; x_wconf 82' lang='lat' dir='ltr'><strong>sacer</strong></span> <span class='ocrx_word' id='word_1_70' title='bbox 645 1519 678 1571; x_wconf 90' lang='lat' dir='ltr'><strong>et</strong></span> <span class='ocrx_word' id='word_1_71' title='bbox 693 1511 817 1572; x_wconf 80' lang='lat' dir='ltr'><strong>dumille</strong></span> <span class='ocrx_word' id='word_1_72' title='bbox 834 1515 978 1592; x_wconf 82' lang='lat' dir='ltr'><strong>gentibue</strong></span> <span class='ocrx_word' id='word_1_73' title='bbox 993 1535 1083 1575; x_wconf 82' lang='lat' dir='ltr'><strong>oreue</strong></span> <span class='ocrx_word' id='word_1_74' title='bbox 1098 1525 1181 1579; x_wconf 82' lang='lat' dir='ltr'><strong>ovat.</strong></span> 
     </span>
     <span class='ocr_line' id='line_1_14' title="bbox 415 1595 1333 1682; baseline 0.012 -27"><span class='ocrx_word' id='word_1_75' title='bbox 415 1597 475 1656; x_wconf 85' lang='lat' dir='ltr'><strong>llio</strong></span> <span class='ocrx_word' id='word_1_76' title='bbox 490 1597 604 1674; x_wconf 82' lang='lat' dir='ltr'><strong>gemini</strong></span> <span class='ocrx_word' id='word_1_77' title='bbox 620 1615 729 1656; x_wconf 70' lang='lat' dir='ltr'><strong>currus</strong></span> <span class='ocrx_word' id='word_1_78' title='bbox 747 1604 912 1657; x_wconf 73' lang='lat' dir='ltr'><strong>numerant</strong></span> <span class='ocrx_word' id='word_1_79' title='bbox 925 1595 1093 1676; x_wconf 81' lang='lat' dir='ltr'><strong>elephanta</strong></span> <span class='ocrx_word' id='word_1_80' title='bbox 1106 1601 1333 1682; x_wconf 77' lang='lat' dir='ltr'><strong>frequentem,</strong></span> 
     </span>
     <span class='ocr_line' id='line_1_15' title="bbox 374 1679 1062 1760; baseline 0 -18"><span class='ocrx_word' id='word_1_81' title='bbox 374 1689 410 1742; x_wconf 86' lang='lat'><strong>10</strong></span> <span class='ocrx_word' id='word_1_82' title='bbox 459 1679 582 1741; x_wconf 83' lang='lat' dir='ltr'><strong>Sufficit</strong></span> <span class='ocrx_word' id='word_1_83' title='bbox 595 1681 753 1741; x_wconf 70' lang='lat' dir='ltr'><strong>immensis</strong></span> <span class='ocrx_word' id='word_1_84' title='bbox 768 1701 878 1741; x_wconf 82' lang='lat' dir='ltr'><strong>oureus</strong></span> <span class='ocrx_word' id='word_1_85' title='bbox 891 1683 960 1760; x_wconf 87' lang='lat' dir='ltr'><strong>ipse</strong></span> <span class='ocrx_word' id='word_1_86' title='bbox 973 1683 1062 1760; x_wconf 77' lang='lat' dir='ltr'><strong>iugis.</strong></span> 
     </span>
     <span class='ocr_line' id='line_1_16' title="bbox 414 1763 1310 1853; baseline 0.012 -30"><span class='ocrx_word' id='word_1_87' title='bbox 414 1764 502 1824; x_wconf 75' lang='lat' dir='ltr'><strong>llaec</strong></span> <span class='ocrx_word' id='word_1_88' title='bbox 516 1772 565 1825; x_wconf 79' lang='lat' dir='ltr'><strong>eet</strong></span> <span class='ocrx_word' id='word_1_89' title='bbox 580 1763 672 1843; x_wconf 78' lang='lat' dir='ltr'><strong>digua</strong></span> <span class='ocrx_word' id='word_1_90' title='bbox 686 1767 764 1842; x_wconf 79' lang='lat' dir='ltr'><strong>tuis,</strong></span> <span class='ocrx_word' id='word_1_91' title='bbox 786 1765 987 1841; x_wconf 80' lang='lat' dir='ltr'><strong>Germanice,</strong></span> <span class='ocrx_word' id='word_1_92' title='bbox 1008 1773 1100 1844; x_wconf 81' lang='lat' dir='ltr'><strong>porta</strong></span> <span class='ocrx_word' id='word_1_93' title='bbox 1115 1770 1310 1853; x_wconf 79' lang='lat' dir='ltr'><strong>triumphia3</strong></span> 
     </span>
     <span class='ocr_line' id='line_1_17' title="bbox 456 1848 1142 1917; baseline 0.012 -10"><span class='ocrx_word' id='word_1_94' title='bbox 456 1849 523 1910; x_wconf 79' lang='lat' dir='ltr'><strong>Hos</strong></span> <span class='ocrx_word' id='word_1_95' title='bbox 539 1849 639 1909; x_wconf 75' lang='lat' dir='ltr'><strong>editus</strong></span> <span class='ocrx_word' id='word_1_96' title='bbox 654 1851 762 1909; x_wconf 88' lang='lat' dir='ltr'><strong>urbem</strong></span> <span class='ocrx_word' id='word_1_97' title='bbox 777 1850 889 1909; x_wconf 86' lang='lat' dir='ltr'><strong>Martis</strong></span> <span class='ocrx_word' id='word_1_98' title='bbox 903 1850 1020 1909; x_wconf 87' lang='lat' dir='ltr'><strong>habere</strong></span> <span class='ocrx_word' id='word_1_99' title='bbox 1036 1848 1142 1917; x_wconf 87' lang='lat' dir='ltr'><strong>decet.</strong></span> 
     </span>
    </p>
   </div>
   <div class='ocr_carea' id='block_1_6' title="bbox 800 1981 906 2044">
    <p class='ocr_par' dir='ltr' id='par_1_6' title="bbox 800 1981 906 2044">
     <span class='ocr_line' id='line_1_18' title="bbox 800 1981 906 2044; baseline 0.038 -3"><span class='ocrx_word' id='word_1_100' title='bbox 800 1981 906 2044; x_wconf 81' lang='lat' dir='ltr'><strong>LXVI.</strong></span> 
     </span>
    </p>
   </div>
   <div class='ocr_carea' id='block_1_7' title="bbox 332 2097 1058 3159">
    <p class='ocr_par' dir='ltr' id='par_1_7' title="bbox 332 2097 1058 3159">
     <span class='ocr_line' id='line_1_19' title="bbox 415 2097 917 2175; baseline -0.004 -19"><span class='ocrx_word' id='word_1_101' title='bbox 415 2099 553 2175; x_wconf 76' lang='lat' dir='ltr'><strong>Augusto</strong></span> <span class='ocrx_word' id='word_1_102' title='bbox 568 2097 619 2174; x_wconf 89' lang='lat' dir='ltr'><strong>pia</strong></span> <span class='ocrx_word' id='word_1_103' title='bbox 633 2103 703 2154; x_wconf 89' lang='lat' dir='ltr'><strong>tura</strong></span> <span class='ocrx_word' id='word_1_104' title='bbox 717 2097 917 2175; x_wconf 82' lang='lat' dir='ltr'><strong>victimaeque</strong></span> 
     </span>
     <span class='ocr_line' id='line_1_20' title="bbox 413 2177 972 2256; baseline -0.004 -16"><span class='ocrx_word' id='word_1_105' title='bbox 413 2181 476 2240; x_wconf 87' lang='lat' dir='ltr'><strong>Pro</strong></span> <span class='ocrx_word' id='word_1_106' title='bbox 489 2186 594 2239; x_wconf 76' lang='lat' dir='ltr'><strong>vestro</strong></span> <span class='ocrx_word' id='word_1_107' title='bbox 609 2177 681 2238; x_wconf 89' lang='lat' dir='ltr'><strong>date</strong></span> <span class='ocrx_word' id='word_1_108' title='bbox 695 2179 788 2256; x_wconf 88' lang='lat' dir='ltr'><strong>Silio,</strong></span> <span class='ocrx_word' id='word_1_109' title='bbox 811 2179 972 2239; x_wconf 81' lang='lat' dir='ltr'><strong>Camenae.</strong></span> 
     </span>
     <span class='ocr_line' id='line_1_21' title="bbox 415 2261 980 2340; baseline -0.004 -16"><span class='ocrx_word' id='word_1_110' title='bbox 415 2264 468 2324; x_wconf 86' lang='lat' dir='ltr'><strong>llia</strong></span> <span class='ocrx_word' id='word_1_111' title='bbox 483 2281 575 2323; x_wconf 74' lang='lat' dir='ltr'><strong>oenoe</strong></span> <span class='ocrx_word' id='word_1_112' title='bbox 588 2263 675 2323; x_wconf 88' lang='lat' dir='ltr'><strong>iubet</strong></span> <span class='ocrx_word' id='word_1_113' title='bbox 689 2280 729 2321; x_wconf 90' lang='lat' dir='ltr'><strong>en</strong></span> <span class='ocrx_word' id='word_1_114' title='bbox 744 2261 850 2323; x_wconf 88' lang='lat' dir='ltr'><strong>redire</strong></span> <span class='ocrx_word' id='word_1_115' title='bbox 864 2262 980 2340; x_wconf 74' lang='lat' dir='ltr'><strong>fauces,</strong></span> 
     </span>
     <span class='ocr_line' id='line_1_22' title="bbox 412 2346 925 2425; baseline -0.002 -18"><span class='ocrx_word' id='word_1_116' title='bbox 412 2347 492 2407; x_wconf 85' lang='lat' dir='ltr'><strong>Nato</strong></span> <span class='ocrx_word' id='word_1_117' title='bbox 507 2346 648 2424; x_wconf 77' lang='lat' dir='ltr'><strong>consule,</strong></span> <span class='ocrx_word' id='word_1_118' title='bbox 666 2346 825 2425; x_wconf 84' lang='lat' dir='ltr'><strong>nobilique</strong></span> <span class='ocrx_word' id='word_1_119' title='bbox 838 2347 925 2425; x_wconf 81' lang='lat' dir='ltr'><strong>virga</strong></span> 
     </span>
     <span class='ocr_line' id='line_1_23' title="bbox 390 2428 956 2493; baseline -0.005 0"><span class='ocrx_word' id='word_1_120' title='bbox 390 2431 503 2493; x_wconf 67' lang='lat' dir='ltr'><strong>evaeis</strong></span> <span class='ocrx_word' id='word_1_121' title='bbox 519 2428 682 2491; x_wconf 73' lang='lat' dir='ltr'><strong>Gaetuliam</strong></span> <span class='ocrx_word' id='word_1_122' title='bbox 697 2428 819 2489; x_wconf 91' lang='lat' dir='ltr'><strong>domum</strong></span> <span class='ocrx_word' id='word_1_123' title='bbox 835 2448 956 2490; x_wconf 76' lang='lat' dir='ltr'><strong>sonare.</strong></span> 
     </span>
     <span class='ocr_line' id='line_1_24' title="bbox 413 2512 1003 2593; baseline -0.003 -19"><span class='ocrx_word' id='word_1_124' title='bbox 413 2516 529 2575; x_wconf 83' lang='lat' dir='ltr'><strong>Rerum</strong></span> <span class='ocrx_word' id='word_1_125' title='bbox 542 2514 641 2593; x_wconf 84' lang='lat' dir='ltr'><strong>prima</strong></span> <span class='ocrx_word' id='word_1_126' title='bbox 655 2512 735 2573; x_wconf 76' lang='lat' dir='ltr'><strong>salua</strong></span> <span class='ocrx_word' id='word_1_127' title='bbox 751 2520 783 2572; x_wconf 90' lang='lat' dir='ltr'><strong>et</strong></span> <span class='ocrx_word' id='word_1_128' title='bbox 797 2533 856 2572; x_wconf 91' lang='lat' dir='ltr'><strong>una</strong></span> <span class='ocrx_word' id='word_1_129' title='bbox 872 2514 1003 2590; x_wconf 78' lang='lat' dir='ltr'><strong>Caesar,</strong></span> 
     </span>
     <span class='ocr_line' id='line_1_25' title="bbox 413 2595 1058 2676; baseline -0.003 -18"><span class='ocrx_word' id='word_1_130' title='bbox 413 2597 569 2658; x_wconf 81' lang='lat' dir='ltr'><strong>Gaudenti</strong></span> <span class='ocrx_word' id='word_1_131' title='bbox 583 2604 727 2676; x_wconf 74' lang='lat' dir='ltr'><strong>superest</strong></span> <span class='ocrx_word' id='word_1_132' title='bbox 740 2595 839 2655; x_wconf 86' lang='lat' dir='ltr'><strong>adhuc</strong></span> <span class='ocrx_word' id='word_1_133' title='bbox 855 2595 936 2674; x_wconf 86' lang='lat' dir='ltr'><strong>quod</strong></span> <span class='ocrx_word' id='word_1_134' title='bbox 953 2602 1058 2675; x_wconf 83' lang='lat' dir='ltr'><strong>optet,</strong></span> 
     </span>
     <span class='ocr_line' id='line_1_26' title="bbox 332 2678 972 2761; baseline 0.002 -21"><span class='ocrx_word' id='word_1_135' title='bbox 332 2733 336 2740; x_wconf 93' lang='lat'><em>.</em></span> <span class='ocrx_word' id='word_1_136' title='bbox 411 2680 503 2743; x_wconf 81' lang='lat' dir='ltr'><strong>Felix</strong></span> <span class='ocrx_word' id='word_1_137' title='bbox 516 2700 651 2761; x_wconf 82' lang='lat' dir='ltr'><strong>purpura</strong></span> <span class='ocrx_word' id='word_1_138' title='bbox 665 2682 839 2758; x_wconf 85' lang='lat' dir='ltr'><strong>tertiusque</strong></span> <span class='ocrx_word' id='word_1_139' title='bbox 855 2678 972 2741; x_wconf 78' lang='lat' dir='ltr'><strong>consul.</strong></span> 
     </span>
     <span class='ocr_line' id='line_1_27' title="bbox 412 2762 932 2843; baseline -0.006 -18"><span class='ocrx_word' id='word_1_140' title='bbox 412 2765 560 2843; x_wconf 86' lang='lat' dir='ltr'><strong>Pompeio</strong></span> <span class='ocrx_word' id='word_1_141' title='bbox 578 2762 702 2823; x_wconf 87' lang='lat' dir='ltr'><strong>dederit</strong></span> <span class='ocrx_word' id='word_1_142' title='bbox 715 2762 793 2822; x_wconf 88' lang='lat' dir='ltr'><strong>lieet</strong></span> <span class='ocrx_word' id='word_1_143' title='bbox 807 2771 932 2823; x_wconf 77' lang='lat' dir='ltr'><strong>senatus</strong></span> 
     </span>
     <span class='ocr_line' id='line_1_28' title="bbox 371 2847 999 2923; baseline -0.003 -16"><span class='ocrx_word' id='word_1_144' title='bbox 371 2849 454 2910; x_wconf 75' lang='lat' dir='ltr'><strong>uosst</strong></span> <span class='ocrx_word' id='word_1_145' title='bbox 470 2848 584 2907; x_wconf 76' lang='lat' dir='ltr'><strong>caesar</strong></span> <span class='ocrx_word' id='word_1_146' title='bbox 598 2864 714 2923; x_wconf 85' lang='lat' dir='ltr'><strong>genero</strong></span> <span class='ocrx_word' id='word_1_147' title='bbox 729 2865 833 2905; x_wconf 77' lang='lat' dir='ltr'><strong>saeros</strong></span> <span class='ocrx_word' id='word_1_148' title='bbox 847 2847 999 2923; x_wconf 85' lang='lat' dir='ltr'><strong>honorea,</strong></span> 
     </span>
     <span class='ocr_line' id='line_1_29' title="bbox 413 2927 945 3008; baseline -0.002 -19"><span class='ocrx_word' id='word_1_149' title='bbox 413 2932 550 3008; x_wconf 79' lang='lat' dir='ltr'><strong>Quorum</strong></span> <span class='ocrx_word' id='word_1_150' title='bbox 563 2930 708 3007; x_wconf 79' lang='lat' dir='ltr'><strong>pacificus</strong></span> <span class='ocrx_word' id='word_1_151' title='bbox 724 2935 774 2987; x_wconf 87' lang='lat' dir='ltr'><strong>ter</strong></span> <span class='ocrx_word' id='word_1_152' title='bbox 789 2927 945 3007; x_wconf 80' lang='lat' dir='ltr'><strong>ampliavit</strong></span> 
     </span>
     <span class='ocr_line' id='line_1_30' title="bbox 411 3011 966 3088; baseline -0.004 -14"><span class='ocrx_word' id='word_1_153' title='bbox 411 3015 501 3075; x_wconf 75' lang='lat' dir='ltr'><strong>lanus</strong></span> <span class='ocrx_word' id='word_1_154' title='bbox 515 3013 652 3072; x_wconf 81' lang='lat' dir='ltr'><strong>nomine:</strong></span> <span class='ocrx_word' id='word_1_155' title='bbox 675 3011 768 3070; x_wconf 75' lang='lat' dir='ltr'><strong>Silius</strong></span> <span class='ocrx_word' id='word_1_156' title='bbox 784 3012 966 3088; x_wconf 77' lang='lat' dir='ltr'><strong>frequentes</strong></span> 
     </span>
     <span class='ocr_line' id='line_1_31' title="bbox 410 3093 961 3159; baseline -0.004 -1"><span class='ocrx_word' id='word_1_157' title='bbox 410 3094 530 3159; x_wconf 85' lang='lat' dir='ltr'><strong>Mavult</strong></span> <span class='ocrx_word' id='word_1_158' title='bbox 541 3097 585 3156; x_wconf 84' lang='lat' dir='ltr'><strong>sie</strong></span> <span class='ocrx_word' id='word_1_159' title='bbox 598 3111 762 3154; x_wconf 80' lang='lat' dir='ltr'><strong>numerere</strong></span> <span class='ocrx_word' id='word_1_160' title='bbox 778 3093 961 3156; x_wconf 78' lang='lat' dir='ltr'><strong>consulatus.</strong></span> 
     </span>
    </p>
   </div>
   <div class='ocr_carea' id='block_1_8' title="bbox 791 3216 910 3282">
    <p class='ocr_par' dir='ltr' id='par_1_8' title="bbox 791 3216 910 3282">
     <span class='ocr_line' id='line_1_32' title="bbox 791 3216 910 3282; baseline 0.042 -5"><span class='ocrx_word' id='word_1_161' title='bbox 791 3216 910 3282; x_wconf 87' lang='lat' dir='ltr'><strong>LXVll.</strong></span> 
     </span>
    </p>
   </div>
   <div class='ocr_carea' id='block_1_9' title="bbox 409 3332 1262 3647">
    <p class='ocr_par' dir='ltr' id='par_1_9' title="bbox 409 3332 1244 3499">
     <span class='ocr_line' id='line_1_33' title="bbox 409 3332 1244 3417; baseline 0.01 -22"><span class='ocrx_word' id='word_1_162' title='bbox 409 3336 512 3396; x_wconf 79' lang='lat' dir='ltr'><strong>Horae</strong></span> <span class='ocrx_word' id='word_1_163' title='bbox 526 3334 663 3413; x_wconf 87' lang='lat' dir='ltr'><strong>quinque</strong></span> <span class='ocrx_word' id='word_1_164' title='bbox 676 3351 755 3413; x_wconf 90' lang='lat' dir='ltr'><strong>puer</strong></span> <span class='ocrx_word' id='word_1_165' title='bbox 772 3332 907 3392; x_wconf 90' lang='lat' dir='ltr'><strong>noudum</strong></span> <span class='ocrx_word' id='word_1_166' title='bbox 921 3334 979 3393; x_wconf 87' lang='lat' dir='ltr'><strong>tibi</strong></span> <span class='ocrx_word' id='word_1_167' title='bbox 992 3338 1138 3417; x_wconf 86' lang='lat' dir='ltr'><strong>nunciat,</strong></span> <span class='ocrx_word' id='word_1_168' title='bbox 1153 3348 1191 3403; x_wconf 80' lang='lat' dir='ltr'><strong>et</strong></span> <span class='ocrx_word' id='word_1_169' title='bbox 1203 3349 1244 3408; x_wconf 84' lang='lat' dir='ltr'><strong>tu</strong></span> 
     </span>
     <span class='ocr_line' id='line_1_34' title="bbox 453 3415 1100 3499; baseline 0.002 -22"><span class='ocrx_word' id='word_1_170' title='bbox 453 3417 515 3477; x_wconf 88' lang='lat' dir='ltr'><strong>lam</strong></span> <span class='ocrx_word' id='word_1_171' title='bbox 529 3418 654 3477; x_wconf 81' lang='lat' dir='ltr'><strong>convivo</strong></span> <span class='ocrx_word' id='word_1_172' title='bbox 667 3418 757 3491; x_wconf 86' lang='lat' dir='ltr'><strong>mihi,</strong></span> <span class='ocrx_word' id='word_1_173' title='bbox 780 3415 974 3495; x_wconf 77' lang='lat' dir='ltr'><strong>Caeciliane,</strong></span> <span class='ocrx_word' id='word_1_174' title='bbox 995 3421 1100 3499; x_wconf 83' lang='lat' dir='ltr'><strong>venie,</strong></span> 
     </span>
    </p>

    <p class='ocr_par' dir='ltr' id='par_1_10' title="bbox 412 3498 1262 3647">
     <span class='ocr_line' id='line_1_35' title="bbox 412 3498 1262 3587; baseline 0.007 -27"><span class='ocrx_word' id='word_1_175' title='bbox 412 3502 489 3561; x_wconf 82' lang='lat' dir='ltr'><strong>Cum</strong></span> <span class='ocrx_word' id='word_1_176' title='bbox 505 3499 595 3560; x_wconf 92' lang='lat' dir='ltr'><strong>modo</strong></span> <span class='ocrx_word' id='word_1_177' title='bbox 612 3498 790 3560; x_wconf 76' lang='lat' dir='ltr'><strong>distulerint</strong></span> <span class='ocrx_word' id='word_1_178' title='bbox 804 3518 914 3559; x_wconf 88' lang='lat' dir='ltr'><strong>ruucae</strong></span> <span class='ocrx_word' id='word_1_179' title='bbox 929 3501 1103 3565; x_wconf 81' lang='lat' dir='ltr'><strong>vadimonia</strong></span> <span class='ocrx_word' id='word_1_180' title='bbox 1119 3518 1262 3587; x_wconf 65' lang='lat' dir='ltr'><strong>quartae</strong></span> 
     </span>
     <span class='ocr_line' id='line_1_36' title="bbox 452 3581 1037 3647; baseline 0.002 -3"><span class='ocrx_word' id='word_1_181' title='bbox 452 3583 496 3644; x_wconf 81' lang='lat' dir='ltr'><strong>Et</strong></span> <span class='ocrx_word' id='word_1_182' title='bbox 508 3581 691 3645; x_wconf 78' lang='lat' dir='ltr'><strong>Floralicias</strong></span> <span class='ocrx_word' id='word_1_183' title='bbox 704 3582 802 3646; x_wconf 75' lang='lat' dir='ltr'><strong>lamet</strong></span> <span class='ocrx_word' id='word_1_184' title='bbox 815 3583 931 3643; x_wconf 82' lang='lat' dir='ltr'><strong>hureuu</strong></span> <span class='ocrx_word' id='word_1_185' title='bbox 945 3585 1037 3647; x_wconf 81' lang='lat' dir='ltr'><strong>feras.</strong></span> 
     </span>
    </p>
   </div>
   <div class='ocr_carea' id='block_1_10' title="bbox 265 3847 464 4170">
    <p class='ocr_par' dir='ltr' id='par_1_11' title="bbox 265 3847 464 4170">
     <span class='ocr_line' id='line_1_37' title="bbox 265 3847 464 4170; baseline 0.085 -17"><span class='ocrx_word' id='word_1_186' title='bbox 265 3847 364 4153; x_wconf 80' lang='lat' dir='ltr'><strong>l</strong></span> <span class='ocrx_word' id='word_1_187' title='bbox 462 4163 464 4170; x_wconf 79' lang='grc'>,</span> 
     </span>
    </p>
   </div>
   <div class='ocr_carea' id='block_1_11' title="bbox 0 0 1722 4575">
    <p class='ocr_par' dir='ltr' id='par_1_12' title="bbox 0 0 1722 4575">
     <span class='ocr_line' id='line_1_38' title="bbox 0 0 1722 4575; baseline 0 0"><span class='ocrx_word' id='word_1_188' title='bbox 0 0 1722 4575; x_wconf 95' lang='lat' dir='ltr'><strong> </strong></span> 
     </span>
    </p>
   </div>
  </div>
 </body>
</html>
