3434 4575
700 487 826 536 suares
847 488 921 537 xrs.
1259 476 1298 540 bb

309 628 455 708 terrula,
479 640 541 692 tres
563 631 683 697 domini,
709 628 762 689 sed
784 630 896 707 magnis
918 629 1055 690 iratribus
1077 629 1178 692 borum

308 714 334 775 Α
353 714 465 776 scrobe
489 715 539 776 vel
560 714 643 776 sulco
665 713 853 775 redeuntibus
877 712 969 774 altera
992 732 1084 775 coena
1251 723 1299 780 ttc

308 798 443 878 Amplior
467 809 497 860 et
519 799 646 878 grandes
668 797 814 860 fumabant
837 797 963 876 pultibus
988 798 1076 859 ullae.

308 881 517 945 Nunc-modus
542 884 589 945 bie
611 886 674 962 agri
697 892 798 943 nostro
821 899 878 941 non
905 884 1012 943 suflicit
1034 882 1129 942 bortn.

309 967 375 1028 lnde
403 968 470 1028 lere
491 968 636 1030 scelerum
659 985 782 1034 causae:
808 985 864 1027 uec
885 966 969 1046 plura
992 985 1104 1028 venena

308 1050 423 1112 lliscnit
446 1063 495 1114 aut
516 1054 595 1113 ferro
619 1062 769 1130 grassatur
789 1052 907 1130 saepius
929 1051 1017 1112 ullum

308 1135 455 1197 Humanae
480 1139 583 1197 ruentis
606 1139 721 1211 vitium,
748 1154 832 1214 quarn
855 1154 944 1195 saeva
973 1137 1080 1216 cupido
1249 1146 1299 1202 lis

308 1220 456 1282 Inmodici
481 1240 595 1283 census.
632 1219 704 1281 Nam
727 1221 810 1280 dives
835 1221 884 1299 qui
907 1221 969 1280 lieri
990 1221 1062 1297 vult,

308 1303 345 1365 Et
366 1305 425 1366 cito
448 1305 510 1367 vult
533 1307 611 1375 beri;
635 1306 688 1365 sed
713 1323 788 1383 quae
809 1306 973 1365 reverentia
996 1305 1104 1384 legum,

309 1387 380 1464 Quis
402 1399 498 1451 metus
522 1401 569 1450 aut
591 1389 686 1469 pudor
709 1399 754 1450 est
772 1407 904 1468 umquam
930 1393 1114 1469 properantis
1137 1387 1237 1450 avari?

308 1473 404 1534 Visite
427 1477 555 1535 contenti
578 1474 686 1535 casulis
710 1484 739 1535 et
762 1473 887 1534 collibus
911 1476 984 1551 istis,

309 1557 332 1618 0
356 1559 455 1637 pueri!
480 1558 593 1620 llarsus
616 1558 731 1620 dicebat
754 1568 782 1619 et
806 1557 948 1618 Hernicus
972 1561 1041 1620 ulirn
1251 1569 1301 1624 180

309 1642 505 1722 Vestinusque
526 1662 635 1704 senex:
662 1662 764 1722 panem
785 1662 957 1722 quaeramus
981 1655 1089 1720 aratro,

309 1727 364 1803 Qui
392 1730 464 1789 satis
491 1739 536 1788 est
558 1729 683 1795 niensis:
705 1729 821 1788 laudant
843 1728 901 1788 boc
924 1730 1036 1789 nurnina
1059 1731 1146 1804 ruris,

310 1810 438 1887 Quorum
461 1829 518 1892 cpe
538 1823 568 1873 et
593 1813 702 1872 auxilio
726 1822 828 1890 gratae
851 1820 919 1889 post
940 1830 1041 1872 munus
1064 1815 1172 1874 aristae

310 1893 487 1976 Contingunt
511 1897 617 1958 bomini
634 1900 743 1957 veteris
768 1897 883 1956 lastidia
905 1914 1040 1974 quercus.

308 1979 355 2042 Nil
381 1984 500 2042 vetitum
524 1984 633 2043 iecisse
656 1983 754 2056 volet,
782 1999 867 2060 quern
890 1999 947 2039 uon
972 1983 1061 2059 pudet
1088 1981 1147 2041 altu
1250 1993 1297 2047 185

311 2065 364 2126 Per
386 2065 511 2143 glaciem
534 2084 645 2145 perone
668 2068 744 2145 tegi,
770 2067 818 2145 qui
842 2075 1004 2126 summovet
1028 2083 1115 2126 eurus

311 2149 437 2211 Pellibus
461 2151 600 2216 inversis:
625 2152 780 2229 peregrina
803 2151 961 2229 ignotaque
985 2151 1069 2211 uobis

309 2232 354 2296 tu
376 2234 477 2295 scelus
499 2244 587 2315 atque
607 2236 706 2311 nelas,
730 2253 930 2315 quaecumque
955 2244 1015 2312 est,
1039 2252 1164 2316 purpura
1188 2234 1276 2296 ducit.

350 2318 431 2379 llaec
456 2320 498 2381 illi
519 2330 638 2381 veteres
667 2330 827 2400 praecepta
849 2320 1023 2382 minoribus:
1047 2331 1075 2382 at
1096 2338 1170 2380 nunu

308 2403 379 2464 Post
400 2404 485 2464 liuenr
510 2407 635 2465 autumni
659 2406 753 2465 media
776 2406 813 2466 de
838 2415 925 2466 nocte
949 2408 1082 2484 supinum
1248 2415 1298 2470 190

309 2484 463 2549 Glarncsus
486 2491 620 2550 iuvenem
646 2500 730 2569 pater
753 2491 877 2551 excitat:
910 2490 1023 2570 Accipe
1048 2508 1143 2565 ceras,

307 2572 430 2649 Scribe,
453 2591 543 2652 puer,
566 2575 674 2652 vigila,
698 2593 802 2634 causas
824 2593 896 2652 age,
922 2576 1044 2654 perlege
1066 2574 1169 2636 rubras

308 2656 449 2718 ldaiurunr
475 2658 559 2735 leges
582 2669 630 2719 aut
653 2661 741 2720 vitem
763 2676 855 2737 posce
879 2659 991 2723 libello.

308 2741 367 2802 Sed
396 2751 484 2822 caput
505 2744 641 2805 intactum
667 2744 745 2803 buxo
771 2761 918 2821 naresque
941 2743 1051 2823 pilosas

310 2827 437 2887 Annotet
459 2836 488 2887 et
512 2829 640 2905 grandes
664 2831 784 2888 miretur
809 2826 924 2888 Laelius
949 2828 1020 2887 alas.
1247 2838 1297 2894 195

309 2909 398 2971 Dirue
420 2910 583 2972 Maurorum
612 2914 752 2990 attegias,
782 2911 903 2973 castella
927 2912 1103 2990 Brigantum,

309 2994 347 3056 Ut
370 2995 547 3076 locupletem
571 2998 695 3077 aquilam
719 2998 769 3057 tibi
795 2998 996 3074 sexagesimus
1020 3014 1111 3057 annus

310 3080 435 3149 Aderat:
459 3092 523 3157 aut,
551 3081 656 3161 longus
684 3093 844 3143 castrorum
871 3082 950 3143 lerre
972 3081 1090 3141 labores

308 3165 339 3224 Si
362 3165 445 3244 piget
469 3174 498 3224 et
522 3167 664 3245 trepidum
688 3167 805 3227 solvunt
826 3165 877 3226 tibi
904 3184 1012 3226 cornua
1033 3176 1163 3226 ventrem

310 3246 381 3309 (ium
407 3250 483 3309 lituis
507 3251 620 3327 audita,
645 3270 733 3330 pares
756 3251 832 3329 quod
854 3251 984 3310 vendere
1007 3252 1104 3329 possis
1246 3260 1298 3313 200

310 3332 402 3392 Pluris
429 3334 562 3410 dimidio,
589 3354 644 3397 uec
669 3346 698 3396 te
720 3335 834 3397 lastidia
859 3337 966 3395 mercis

311 3416 403 3478 Ullius
427 3418 549 3478 subeant
575 3420 756 3498 ablegandae
780 3419 907 3481 Tiberim
930 3420 1015 3496 ultra,

310 3500 371 3561 Neu
396 3503 499 3562 credas
526 3505 688 3583 ponendum
711 3505 818 3583 aliquid
841 3498 1012 3565 discriminis
1036 3505 1110 3563 inter

310 3586 462 3663 Unguenta
486 3598 514 3647 et
539 3591 656 3654 corium.
694 3589 777 3649 lucri
800 3589 894 3649 bonus
922 3598 965 3648 est
991 3587 1065 3647 odor
1090 3605 1126 3647 er
1151 3606 1183 3647 re

311 3670 460 3745 Qualibet:
485 3673 533 3733 illa
558 3685 607 3733 tuo
630 3676 772 3735 sententia
797 3692 915 3750 semper
937 3675 963 3732 in
987 3688 1040 3732 ore
1244 3682 1297 3739 tut

313 3756 469 3832 Versetur,
493 3757 535 3819 dis
558 3769 644 3851 atque
666 3761 731 3842 ipso
758 3758 829 3830 lure
852 3758 938 3837 digna
962 3768 1058 3840 poeta.
