3434 4575
726 428 936 484 minume.
1220 431 1310 483 xxm

318 579 433 652 uminis,
444 576 708 638 mdoetlrbncuu.
721 577 863 650 etltnport„
872 581 939 653 quasi
952 579 982 636 de
993 594 1209 648 numerosarum,
1222 596 1270 637 uon
1281 583 1311 638 de

319 665 450 738 beqrrentia
461 673 705 739 agaunuqnaeqann
714 681 786 737 saepe
796 665 878 736 potius
889 668 1011 737 postulat;
1024 682 1103 738 noque
1113 682 1168 722 vasa
1179 666 1243 722 alind
1255 675 1310 722 sunt

319 765 345 805 rc
353 757 442 816 testae,
453 749 546 822 quassi
559 749 589 805 ad
601 749 714 804 imbrices
725 749 816 804 reterre
826 750 952 814 malueris,
963 750 1009 805 hae
1020 766 1064 806 our
1074 760 1147 807 nocte
1157 753 1310 822 potissimum

319 836 410 899 cadant.
419 849 495 907 aegre
501 833 624 905 explicess
635 842 730 889 tanturn
737 834 812 906 igitur
823 835 893 890 aboet
903 846 930 890 ut
942 851 999 890 cum
1007 835 1123 905 Rupertio
1130 845 1154 890 et
1159 836 1274 892 Maesone
1280 837 1311 891 de

317 920 517 991 ripticipeieslo
523 920 633 991 eog'tare
640 918 1011 992 liceatqtodmctaeeeoulous
1017 918 1190 984 Romoetrntet,
1196 928 1223 975 nt
1229 923 1309 976 omnia

317 1004 465 1060 advasornm
472 1019 544 1059 casus
554 1003 741 1059 reimmdasinl.
752 1033 788 1045 -
797 1003 849 1059 Sat.
857 1005 926 1060 lV.u.
934 1006 1040 1063 lloittoto
1049 1005 1101 1060 libri
1114 1021 1213 1067 omnes;
1225 1005 1309 1060 oium

317 1087 411 1144 labnins
423 1105 447 1144 c
458 1087 608 1143 Scholiasta:
626 1088 707 1143 minus
721 1097 806 1152 acute;
817 1089 948 1145 clldudic.
961 1105 985 1161 p.
994 1093 1061 1148 8.-
1071 1090 1096 1141 V.
1106 1093 1139 1148 97
1152 1090 1179 1144 iu
1189 1089 1309 1144 millum

316 1172 377 1244 ltnp.
389 1181 416 1228 et
429 1172 488 1230 toln
501 1187 558 1227 cnm
569 1172 636 1228 libris
653 1172 789 1245 plerisquez
805 1191 858 1229 aaa
869 1174 966 1229 labnins
977 1190 998 1229 o.
1012 1173 1114 1229 Pithoeo
1126 1180 1151 1228 et
1162 1173 1305 1231 Heinriobio.

315 1265 453 1314 nouantem
465 1273 522 1312 urm
529 1256 669 1325 undeno,
681 1258 705 1312 in
713 1274 761 1329 qno
768 1258 853 1314 lacuna
866 1259 945 1329 potins
955 1259 1185 1314 dnammliteramm
1194 1266 1246 1322 est3
1256 1276 1307 1313 cun

316 1342 391 1414 igilur
401 1343 469 1397 omui
480 1342 624 1397 auctoritate
634 1349 709 1397 carel.
719 1370 756 1382 -
766 1343 793 1396 V.
802 1350 854 1401 120
861 1343 889 1397 t'u
899 1344 990 1398 loevam
996 1345 1073 1416 vulg..
1086 1361 1113 1398 m
1122 1345 1213 1399 laeam
1224 1342 1289 1398 laun.
1299 1363 1306 1405 ;

315 1435 339 1482 rt
347 1428 371 1482 in
380 1425 442 1482 uu.
453 1432 491 1481 est
500 1425 574 1490 loeoo.
581 1427 776 1498 quodadloeoom
782 1428 905 1483 remittere
916 1429 964 1484 dixi
970 1428 1065 1483 undio.
1076 1444 1101 1500 p.
1108 1433 1133 1486 8.
1144 1455 1180 1468 —
1189 1426 1242 1482 Sat.
1248 1428 1275 1483 V,
1283 1443 1305 1476 v.

315 1517 357 1579 bl,
365 1510 871 1584 qnemlabniusc.l’iuageroetlleinricbio
879 1513 1006 1578 damnavit,
1014 1511 1306 1585 interpungendosrlvnm

315 1596 466 1666 praestitisse
475 1595 574 1658 videorz
592 1597 633 1668 qui
643 1604 671 1651 ut
681 1597 766 1652 abesse
776 1598 866 1667 possit,
878 1598 968 1653 omisso
979 1606 1059 1653 tamen
1070 1598 1234 1653 membrorum
1246 1613 1305 1652 eon·

315 1681 417 1736 oinmlas
439 1680 617 1744 debilitabitur,
635 1696 697 1752 quae
713 1681 788 1736 odon
804 1699 891 1756 aquom
910 1698 959 1738 uno
981 1682 1135 1738 hemistichia
1158 1683 1249 1737 absolui
1264 1682 1304 1736 uin

314 1766 379 1820 sinit
408 1765 461 1821 tua
472 1781 545 1821 cansa
563 1773 633 1821 estu.
645 1769 689 1830 91,
701 1782 773 1837 quem
785 1767 837 1837 ipse
853 1766 1000 1822 Pithoeauus
1009 1768 1121 1839 ignorat:
1134 1775 1159 1821 at
1169 1767 1208 1822 uel
1216 1783 1239 1824 u.
1254 1769 1305 1824 140

314 1851 423 1922 quamvis
438 1849 561 1906 elumbem
578 1856 604 1904 et
622 1851 651 1905 ad
669 1850 758 1906 leonini
775 1853 882 1922 speciem
894 1851 1056 1922 compositum
1069 1852 1157 1906 sicum
1170 1851 1251 1906 iabnio
1262 1865 1304 1906 ex·

314 1935 417 2005 pulcris,
432 1935 538 1990 hiulcam
554 1935 688 1990 orationem
707 1936 805 2000 leceris.
822 1951 870 1991 nec
889 1937 969 1991 minus
986 1936 1034 1991 loci
1052 1936 1187 1991 communis
1204 1937 1243 1991 ius
1258 1936 1303 1990 erit

313 2018 443 2092 qnamVIl
457 2024 507 2078 145
519 2037 578 2074 rora
586 2021 614 2074 r'a
623 2019 812 2091 teedsowadic
819 2037 920 2094 porco,-
931 2020 995 2092 qnod
1006 2020 1028 2076 si
1038 2021 1144 2075 maxime
1153 2020 1220 2075 illum
1231 2019 1303 2075 scribi

314 2103 451 2160 rlnvenale
462 2105 570 2175 potuisse
581 2105 722 2177 negaveris,
741 2106 814 2160 alium
825 2107 907 2177 potius
918 2122 989 2177 quam
1002 2106 1094 2161 nullum
1105 2105 1135 2160 ab
1146 2120 1176 2160 eo
1186 2105 1303 2176 scriptum

314 2203 367 2244 esse
377 2189 519 2246 concedam.
553 2188 609 2245 llox
620 2204 717 2261 qnoque
734 2207 758 2243 v.
772 2196 820 2247 141
831 2189 944 2264 liupaton
955 2189 1080 2246 Pithoeani
1091 2205 1135 2260 pro
1147 2188 1239 2262 llpoole
1248 2190 1301 2245 ideo

314 2274 414 2338 retinui.
431 2274 487 2346 qula
507 2289 591 2330 veum
607 2290 696 2330 nomen
708 2274 809 2347 ignoro,
821 2276 886 2348 quod
898 2276 960 2332 hand
977 2276 1027 2332 scio
1039 2292 1069 2330 an
1081 2274 1198 2331 quenalis
1217 2272 1302 2330 eodem

314 2359 387 2414 modo
392 2358 679 2431 quopomlrmdeaeou
688 2374 719 2414 en
728 2368 799 2431 poeta
810 2361 950 2433 aequalibus
957 2368 1016 2416 noto
1024 2360 1169 2431 sumpserim
1180 2359 1302 2429 oormmpi

313 2451 394 2499 tamen
407 2444 481 2499 marn
491 2444 611 2515 optimum
622 2444 730 2499 codicem
743 2445 767 2499 in
778 2445 833 2501 looo
843 2445 1015 2502 obscurissimo
1027 2445 1134 2515 potuisse
1145 2459 1217 2500 nemo
1228 2444 1301 2499 mira·

314 2528 378 2583 bitur
389 2527 493 2601 ideoque
503 2544 599 2585 rnmm
607 2545 632 2584 u.
647 2533 697 2587 142
708 2530 780 2585 siaul
789 2546 833 2601 pro
843 2530 917 2585 amiel
925 2537 951 2585 el
959 2547 982 2586 u.
1002 2534 1051 2588 145
1061 2530 1095 2584 ad
1104 2546 1207 2584 mussan
1219 2544 1262 2600 pro
1273 2546 1302 2583 oc

313 2630 431 2677 mom.
443 2628 505 2686 qnae
515 2629 547 2669 ex
563 2614 606 2669 illo
616 2613 713 2669 labnins
724 2615 821 2678 asciuit,
838 2615 868 2671 ad
885 2616 1037 2686 superiorum
1055 2613 1179 2685 exemplar
1190 2626 1301 2669 reuocare

313 2713 361 2753 non
371 2697 494 2763 dubitaui,
512 2698 569 2771 qnia
585 2698 634 2755 boo
644 2698 681 2753 uel
699 2700 751 2753 sine
761 2698 909 2771 reliquomm
923 2699 1035 2755 codicum
1050 2713 1170 2753 consensu
1180 2698 1231 2769 ipsa
1246 2712 1301 2753 sen·

314 2783 387 2837 tentia
397 2790 511 2852 praestat.
543 2780 622 2839 Seue]
632 2790 699 2838 certe
709 2799 753 2854 pro
775 2782 848 2838 oiaud
857 2784 891 2838 ita
901 2790 995 2840 eninm
1005 2784 1087 2839 locum
1097 2782 1184 2848 habet,
1200 2782 1301 2838 uteins·

314 2867 368 2921 dem
377 2867 413 2921 rei
430 2868 525 2924 itoeatio
536 2868 692 2929 excludatur.
710 2878 737 2923 nt
751 2868 775 2923 in
791 2868 908 2938 exemplis
918 2869 980 2940 apud
993 2867 1072 2926 Bentl
1084 2867 1209 2923 ad‘Horat.
1220 2864 1299 2922 Serm.

313 2950 343 3007 tl.
354 2955 380 3009 8.
392 2953 443 3013 rm
460 2960 542 3009 nostra
551 2962 632 3008 antem
644 2951 740 3024 blygtle
751 2955 824 3007 etiam
835 2963 891 3023 post
907 2954 1051 3025 trigeminos
1062 2953 1122 3008 alios
1136 2960 1219 3022 partus
1229 2952 1301 3006 edere
1320 3007 1325 3015 ,

313 3042 421 3105 poterat;
431 3051 479 3092 nec
494 3052 602 3093 mam
613 3037 691 3092 afferri
703 3038 801 3093 demum
813 3053 857 3109 par
866 3047 917 3099 est.
930 3038 971 3093 nbi
983 3037 1193 3110 inlansparorr'tre
1204 3035 1301 3090 horest

312 3119 342 3175 ad
355 3121 547 3186 remanserit,
559 3131 587 3177 nt
598 3124 693 3177 mittam
705 3137 802 3178 mensae
818 3138 875 3177 oum
887 3123 990 3178 nucibus
1000 3130 1025 3177 et
1037 3138 1089 3178 asse
1100 3136 1186 3192 parum
1195 3119 1300 3175 necessi·

313 3204 402 3260 tudinis
411 3205 575 3269 intercedere:
593 3222 658 3261 nuuc
668 3207 743 3279 igitur
757 3207 835 3263 donec
846 3206 971 3263 Pithoeani
982 3206 1112 3262 auotoritas
1123 3205 1251 3260 commoda
1264 3204 1300 3258 in·

314 3290 486 3359 terpretatione
495 3289 617 3357 firmetur,
631 3291 775 3347 deteriorem
787 3291 902 3347 familiam
911 3306 996 3347 uerum
1007 3306 1115 3346 seruasse
1126 3289 1235 3345 arbitror.

396 3374 485 3433 trull
493 3373 618 3432 Sacvtu
626 3379 669 3442 te,
678 3376 838 3432 cuinsversus
848 3376 914 3447 prior
923 3392 978 3448 pars
988 3376 1110 3449 languida,
1118 3374 1237 3445 posterior
1247 3374 1299 3444 pln-

313 3460 398 3532 gniset
409 3460 487 3515 otiosa
497 3468 543 3526 est,
554 3468 695 3532 suspectum
706 3460 764 3515 mihi
772 3476 826 3516 esse
836 3476 885 3517 non
893 3462 962 3532 potui
971 3477 1019 3517 non
1026 3459 1176 3533 significare:
1188 3458 1299 3513 fidentius

312 3552 391 3600 antem
401 3548 532 3603 moxueo
541 3559 596 3600 mer
603 3545 742 3600 coniectura
755 3561 797 3616 pro
809 3546 859 3601 illie
869 3547 953 3616 scripsi
960 3545 1048 3601 utel.
1055 3560 1078 3601 e.
1085 3543 1217 3610 intestinis,
1227 3558 1299 3615 quam

312 3643 395 3685 rooem
405 3630 436 3685 ad
448 3629 525 3700 ipsam
536 3629 726 3699 predicationem
737 3631 809 3684 etiam
820 3629 935 3686 leberius
946 3629 1028 3684 retulit
1039 3636 1101 3684 teste
1110 3628 1188 3683 Nonio
1199 3644 1224 3698 p.
1233 3633 1299 3688 122:

312 3712 371 3770 adde
388 3715 481 3769 nimo
498 3713 561 3784 apud
577 3722 685 3769 nostrum
705 3713 746 3767 lx.
758 3717 802 3771 te.
836 3713 977 3770 uunuscuu
994 3714 1058 3769 enim
1075 3714 1185 3768 universe
1196 3728 1240 3767 cur
1250 3728 1299 3766 non

313 3799 384 3855 stim
394 3814 455 3870 puer
466 3800 557 3871 exigat.
569 3814 642 3872 aegre
650 3799 755 3859 dixeriss
766 3813 830 3852 nune
841 3804 923 3852 anum
934 3797 965 3852 de
975 3798 1041 3851 coitu
1052 3798 1141 3869 sgltnr,
1153 3812 1224 3869 quem
1236 3811 1297 3851 uxor
