3434 4575
395 425 432 482 14
743 483 747 488 ,
850 431 962 477 nonsit

394 572 488 650 Fruge
511 570 686 632 Cleanthea:
709 573 799 652 petite
821 573 887 633 hinc
910 576 1050 653 puerique
1075 592 1220 652 senesque

392 656 492 716 Finem
514 658 607 715 animo
630 665 740 716 certum
763 658 934 734 miserisque
956 659 1060 716 viatica
1083 659 1175 717 canis!
1192 690 1233 704 —-
1337 667 1372 720 65

394 741 466 802 Cras
481 740 539 800 boc
555 741 606 800 liet
626 742 762 801 idem-
784 738 856 800 Cras
878 738 996 799 liet‘l-
1019 735 1115 813 Quid?
1138 743 1218 820 qnasi
1241 757 1373 817 magnum

392 824 504 902 Nempe
527 824 602 884 dicm
625 826 784 885 donasl-
806 825 866 885 Sed
893 842 977 902 quum
1001 824 1051 883 lux
1072 825 1163 884 altera
1185 825 1274 900 veuit,

392 909 450 970 lam
472 926 536 968 cras
556 907 723 968 hesternum
746 911 990 986 consumpsimus:
1010 926 1082 968 ecce
1107 909 1182 968 aliud
1205 926 1269 968 cras

392 993 496 1071 Egerit
517 991 571 1052 bos
593 1010 684 1052 annos
709 1002 738 1052 et
760 1010 877 1071 semper
902 993 1017 1070 paulum
1040 994 1095 1051 erit
1118 992 1200 1051 ultra.

393 1077 464 1138 Nam
486 1078 615 1154 quamvis
642 1094 734 1156 prope
760 1086 805 1150 te,
831 1078 960 1154 quamvis
986 1086 1101 1136 temone
1125 1076 1176 1134 sub
1198 1093 1254 1135 uno
1340 1086 1375 1141 70

393 1162 562 1221 Vertentem
586 1179 654 1220 sese
676 1161 781 1220 irnstra
803 1160 959 1219 sectabere
982 1160 1123 1235 canthum,

394 1245 487 1319 Quum
507 1254 572 1305 rota
594 1246 741 1323 posterior
765 1262 864 1304 curras
888 1253 917 1303 et
942 1246 969 1302 in
992 1262 1046 1303 axe
1070 1244 1208 1321 secundo.

393 1328 538 1388 Libertate
561 1345 635 1406 opus
658 1335 719 1403 est,
742 1345 799 1386 non
820 1329 892 1402 bac,
917 1336 962 1402 ut,
986 1330 1108 1406 quisquc
1130 1327 1233 1387 Velina

395 1413 511 1473 Publius
534 1414 670 1488 emeruit,
690 1411 853 1471 scabiosum
880 1413 1024 1471 tesserula
1046 1412 1090 1470 iar

394 1496 537 1557 Possidet.
568 1494 631 1555 Heu
652 1495 768 1555 steriles
791 1497 869 1570 veri,
893 1495 995 1572 quibus
1018 1513 1073 1554 nna
1098 1493 1236 1567 Quiritem
1340 1504 1374 1559 75

394 1580 515 1656 Vertigo
538 1579 621 1639 iacit!
657 1580 703 1639 hic
727 1578 818 1638 Dama
842 1588 887 1638 cst
913 1596 969 1637 non
994 1579 1097 1639 tressis
1119 1596 1220 1656 agaso,

394 1663 495 1742 Vappa
516 1663 613 1742 lippus
632 1673 662 1723 et
683 1666 711 1722 in
736 1665 814 1722 tenui
833 1663 979 1741 farragine
1001 1663 1138 1723 mendax:

394 1748 522 1807 Verterit
543 1748 618 1807 bunc
641 1748 786 1823 dominus,
810 1756 954 1807 momento
977 1747 1097 1807 turbinis
1120 1749 1179 1806 exit

395 1830 507 1892 blancus
532 1831 638 1891 Dama:
662 1832 771 1911 papae!
800 1831 899 1892 blarco
919 1833 1080 1910 spondente
1102 1849 1223 1890 recusas

396 1910 525 1976 Credere
547 1925 576 1975 tn
598 1915 749 1975 nummos?
778 1915 878 1975 blarco
901 1915 953 1975 sub
979 1917 1073 1975 iudice
1094 1912 1209 1993 palles?
1340 1923 1375 1975 tto

395 1999 507 2060 Marcus
530 2000 616 2059 dixit:
640 2003 678 2059 ita
702 2009 760 2067 est;
786 2000 921 2076 adsigna,
946 1998 1059 2074 llarce,
1081 1999 1216 2058 tabellas.

394 2082 474 2143 Haec
497 2102 575 2143 mera
598 2083 729 2142 libertas!
753 2083 810 2142 lroc
831 2083 914 2141 nobis
937 2082 1015 2159 pilea
1037 2084 1210 2141 donant!-

399 2167 439 2226 dn
462 2170 611 2245 quisquam
636 2176 680 2226 est
702 2167 775 2226 alius
800 2165 891 2241 liber,
915 2167 969 2224 nisi
994 2166 1102 2225 ducere
1123 2168 1209 2225 vitam

396 2249 448 2311 Cui
472 2251 557 2325 licet,
582 2258 612 2309 ut
636 2248 747 2310 voluit?
771 2249 840 2309 licet
862 2259 892 2310 ut
915 2249 984 2309 volo
1009 2251 1126 2309 vivere:
1149 2266 1206 2308 non
1229 2267 1290 2309 snm

394 2334 527 2393 Liberior
550 2333 658 2392 Bruto?
670 2368 711 2378 —-
731 2332 871 2393 blendose
894 2334 1025 2411 colligis,
1049 2335 1139 2411 inquit
1339 2343 1374 2396 85

396 2419 512 2478 Stoicus
532 2416 580 2477 bic
603 2435 701 2476 aurem
720 2418 846 2477 mordaci
871 2418 946 2478 lotus
969 2427 1070 2477 aceto:

394 2501 474 2562 llaec
496 2501 608 2580 reliqua
630 2502 760 2578 accipio:
785 2504 856 2562 licet
879 2501 948 2561 illud
971 2511 1000 2562 et
1021 2511 1052 2562 ut
1075 2503 1141 2564 colo
1162 2501 1244 2561 tolle.
1259 2535 1299 2545 -

394 2586 527 2645 Vindicta
549 2594 701 2663 postquam
723 2604 803 2645 meus
827 2605 844 2646 a
865 2595 1002 2664 praetore
1024 2586 1148 2660 recessi,

396 2668 454 2729 Cur
478 2670 545 2728 milri
569 2686 626 2728 non
648 2670 752 2745 liceat,
774 2671 857 2729 iussit
877 2670 1078 2750 quodcumque
1103 2669 1247 2745 voluntas,

395 2753 529 2831 Excepto
552 2755 577 2811 si
600 2754 666 2832 quid
688 2753 794 2813 llasuri
818 2754 933 2814 rubrica
953 2751 1135 2815 vetaviti—
1340 2762 1375 2816 90

436 2837 541 2911 Disce,
564 2838 616 2896 sed
638 2839 680 2896 ira
705 2839 789 2898 cadat
811 2855 882 2897 naso
905 2855 1070 2916 rugosaque
1097 2855 1195 2913 sanna,

394 2921 467 2980 Dum
484 2930 603 2980 veteres
626 2922 706 2980 avias
729 2922 779 2980 tibi
802 2922 838 2981 de
859 2921 995 3001 pulmone
1018 2922 1140 2981 revello.

394 3005 459 3065 Non
485 3005 628 3083 praetoris
651 3013 713 3063 erat
734 3004 828 3064 stultis
851 3006 920 3065 dare
942 3008 1038 3066 tenuia
1061 3024 1156 3065 rerum

395 3090 497 3150 Oilicia
517 3098 603 3166 atque
629 3106 710 3146 usum
734 3090 853 3165 rapidae
877 3092 1044 3166 permittere
1067 3093 1160 3148 vitae:

395 3174 563 3233 Sambucam
588 3173 671 3231 citius
692 3171 787 3231 caloni
809 3174 956 3251 aptaveris
981 3175 1048 3233 alto.
1341 3182 1375 3233 95

395 3258 457 3317 Stat
482 3266 582 3317 contra
607 3256 679 3315 ratio
705 3264 734 3314 et
755 3266 899 3315 secretam
922 3260 1012 3333 garrit
1037 3260 1222 3324 inaurem

394 3340 438 3400 Ne
457 3342 544 3401 liceat
562 3340 661 3400 iacere
683 3340 711 3399 id
731 3341 808 3417 qnod
828 3342 891 3418 quis
909 3340 1020 3400 vitiabit
1044 3341 1166 3418 agendo.

395 3424 510 3484 Publica
536 3425 585 3483 lex
606 3424 748 3483 hominum
771 3434 928 3501 naturaque
953 3426 1079 3484 continet
1099 3424 1154 3485 hoc
1178 3424 1232 3499 ias,

394 3506 432 3565 Ut
451 3519 547 3568 teneat
568 3510 672 3567 vetitos
697 3508 808 3566 inscitia
831 3507 935 3567 debilis
958 3518 1047 3568 actus.

394 3590 486 3650 Diluis
508 3591 705 3667 helleborum,
730 3600 810 3650 certo
834 3609 1024 3669 compescere
1046 3601 1152 3671 puncto
1323 3600 1375 3652 100

394 3672 516 3734 Nescius
539 3692 676 3736 examen:
699 3685 779 3735 vetat
803 3676 861 3735 boc
886 3685 982 3735 natura
1008 3676 1153 3737 medendi:
