3434 4575
572 349 909 411 EPIGRAMMATON
922 350 999 418 LIB.
1020 347 1086 412 ΧΠ.
1293 344 1356 408 293

438 504 502 565 Res
519 521 581 562 una
595 508 660 579 est,
682 502 749 560 sine
763 519 812 560 me
828 519 917 578 quam
931 500 1024 576 facis,
1047 505 1080 559 et
1094 505 1192 561 taceo.

376 588 451 651 5Nil
464 594 568 648 tamen
583 587 706 646 omnino
720 590 860 664 praestas
876 584 960 642 mihi.
990 582 1196 661 „Mortuus,“
1210 581 1330 661 inquis,

440 671 620 751 „Accipiam
635 672 715 730 bene
730 667 797 729 te.“
824 667 876 727 Nil
890 665 977 726 volo:
999 666 1056 728 sed
1070 684 1204 730 morere.

795 800 872 862 XLI.

397 922 468 983 Non
483 929 547 1001 est,
569 923 691 1000 Tucca,
712 923 803 998 satis,
827 920 910 998 quod
927 938 961 979 es
976 917 1115 998 gulosus:

396 1007 439 1067 nt
453 1005 515 1067 dici
530 1008 616 1086 cupis
631 1011 663 1065 et
678 1006 764 1084 cupis
779 1004 889 1064 videri.
1005 1086 1007 1091 Α

791 1137 884 1199 XLII.

398 1250 549 1311 Barbatus
564 1249 664 1329 rigido
679 1252 786 1330 nupsit
800 1248 998 1310 Callistratus
1013 1249 1107 1324 Afro,

442 1336 509 1394 Hac
525 1353 583 1412 qua
596 1334 667 1412 lege
683 1336 749 1394 viro
767 1335 887 1393 nubere
902 1335 988 1412 virgo
1003 1331 1094 1392 solet.

398 1417 587 1479 Praeluxere
602 1419 703 1496 iaces,
723 1416 866 1477 velarunt
880 1418 1020 1477 flammea
1034 1415 1152 1492 voltus,

439 1503 505 1563 Nec
519 1507 572 1561 tua
587 1501 756 1561 defuerunt
769 1502 880 1578 verba,
898 1500 1045 1577 Talasse,
1068 1500 1135 1560 tibi.

377 1588 462 1647 allos
477 1587 570 1646 etiam
586 1584 669 1645 dicta
682 1593 739 1644 est.
768 1581 911 1643 Nondum
924 1586 998 1661 tibi,
1019 1584 1130 1660 Roma,
1150 1582 1274 1642 videtur

441 1671 510 1730 Hoc
524 1670 622 1729 satis?
644 1673 789 1749 expectas
804 1665 954 1746 numquid
968 1673 1003 1726 ut
1018 1673 1051 1726 et
1064 1666 1188 1746 pariat?

786 1800 893 1863 XLIII.

399 1914 561 1975 Facundos
576 1915 652 1975 mihi
666 1912 707 1974 de
720 1911 896 1973 libidinosis

397 1999 517 2078 Legisti
532 2000 675 2075 nimium,
698 1996 841 2075 Sabelle,
863 2015 988 2077 versus,

401 2082 515 2158 Quales
529 2102 588 2143 nec
603 2081 753 2162 Didymae
769 2084 872 2142 sciunt
886 2081 1025 2161 puellae,

398 2168 463 2226 Nec
479 2166 591 2227 molles
603 2165 829 2247 Elephantidos
841 2163 955 2228 libelli.

378 2249 483 2311 5Sunt
496 2248 562 2311 illle
576 2250 711 2313 Veneris
725 2269 821 2311 novae
835 2251 972 2330 figurae,

402 2332 517 2406 Quales
533 2332 674 2412 perdItus
689 2334 799 2395 audeat
812 2336 948 2396 fututor:

401 2414 567 2475 Praestent
580 2422 614 2477 et
626 2424 748 2477 taceant
763 2419 836 2497 quid
852 2417 985 2495 exoleti,

404 2499 470 2573 Quo
484 2498 706 2580 symplegmate
722 2504 857 2581 quinque
872 2500 1073 2581 copulentur,

402 2583 468 2657 Qua
484 2583 590 2663 plures
603 2592 770 2646 teneantur
785 2607 802 2645 a
816 2592 942 2661 catena,

359 2668 572 2728 lollxtinctam
586 2668 683 2730 liceat
699 2669 774 2748 quId
789 2668 828 2729 ud
840 2667 1010 2730 lucernam.

355 2806 360 2816 .
401 2751 494 2811 Tanti
508 2772 571 2812 non
584 2760 668 2833 erat,
690 2771 760 2813 esse
774 2758 807 2811 te
822 2750 981 2814 disertum.

787 2885 894 2947 XLIV.

399 2998 516 3076 Unice,
538 3003 669 3075 cognato
685 2997 823 3058 iunctum
838 2998 915 3059 mihi
930 2997 1077 3076 sanguine
1093 3014 1224 3069 nomen,

442 3082 502 3156 Qui
516 3082 599 3160 geris
614 3087 648 3141 et
663 3080 765 3140 tusdio
781 3081 877 3142 corda
890 3083 1064 3162 propinqua
1076 3096 1163 3151 meo;

399 3166 544 3225 Carmina
558 3184 625 3224 cum
641 3164 735 3225 iacias
748 3165 807 3225 soli
821 3165 966 3226 cedentia
979 3164 1087 3239 fratri,

440 3248 574 3306 Pectore
588 3266 651 3306 non
665 3248 765 3307 minor·
779 3267 830 3327 es,
851 3248 908 3308 sed
921 3248 1039 3326 pietate
1052 3246 1148 3325 prior.

376 3330 512 3391 5Lesbia
526 3349 594 3388 cum
605 3336 717 3387 tenero
731 3334 765 3389 te
779 3336 887 3409 posset
902 3348 1003 3388 amare
1021 3326 1161 3404 Catullo,

442 3412 490 3472 Te
504 3418 576 3491 post
592 3413 745 3470 Nasonem
759 3411 872 3472 blanda
887 3413 1023 3473 Corinna
1037 3413 1134 3489 sequi.

398 3495 464 3554 Nec
480 3493 610 3555 deerant
626 3494 782 3575 Zephyri,
802 3498 830 3556 si
843 3502 877 3556 te
893 3495 969 3557 dare
985 3494 1055 3557 vela
1068 3497 1206 3558 rovorata

442 3577 506 3639 Sed
519 3585 553 3639 tu
565 3576 641 3639 litus
656 3598 746 3642 amas.
772 3580 841 3640 lIoc
856 3599 979 3660 quoque
996 3580 1103 3640 fratris
1116 3578 1223 3641 habes.
