3434 4575
584 461 926 524 EPIGRAMMA'I'ON
940 461 1014 523 LIB.
1031 462 1067 522 II.
1125 481 1128 488 ·
1309 459 1349 526 51

347 638 353 649 ·
368 620 496 695 5Atque
511 637 601 676 unam
617 618 733 676 vestire
749 616 865 674 tribum
879 619 932 673 tua
947 613 1079 674 candida
1093 626 1238 693 possunt,

431 700 554 782 Appula
568 720 631 760 non
645 720 706 760 uno
723 716 801 777 quae
819 716 914 776 grege
931 703 1018 757 terra
1033 697 1114 759 tulit.

391 786 441 846 Tu
456 793 578 864 spectas
593 784 727 845 hiemem
742 783 892 842 succincti
906 779 1010 841 lentus
1028 783 1117 842 amici

431 871 493 929 Pro
510 868 626 929 scelus!
648 873 680 928 ct
695 866 805 927 lateris
819 866 938 944 frigora
952 866 1028 925 trita
1041 868 1142 927 fimes.
1335 935 1337 942 y

390 957 542 1032 Quantum
558 959 642 1030 erat,
664 950 790 1028 infelix,
809 951 920 1031 pannis
934 950 1080 1010 fraudare
1096 951 1230 1027 duobus,
1246 984 1286 994 -

346 1049 381 1101 10
431 1036 514 1115 Quid
527 1037 662 1096 metuis?
675 1068 719 1083 -
733 1055 796 1094 non
809 1040 858 1113 te,
880 1032 1033 1111 Naevole,
1055 1034 1112 1094 sed
1125 1035 1251 1096 tineas?

768 1168 889 1231 XLVII.

390 1281 528 1343 Subdola
542 1284 678 1342 famosae
694 1276 805 1341 moneo
821 1282 895 1360 fuge
910 1283 991 1340 retia
1006 1281 1170 1361 moechae,

430 1367 544 1427 Levior
560 1387 577 1426 o
594 1367 737 1443 conchis,
761 1363 870 1442 Galle,
891 1366 1094 1444 Cytheriacis.

389 1450 528 1515 Oonfiffla
542 1451 688 1511 natibus?
709 1469 771 1510 nou
786 1456 835 1509 est
847 1450 978 1530 paedico
994 1451 1137 1510 maritus:

432 1536 517 1612 Quae
532 1536 626 1596 faciat
640 1533 700 1594 duo
716 1540 802 1595 sunt:
824 1535 956 1594 irrumat
970 1539 1022 1593 aut
1036 1535 1139 1594 futuit.
1174 1605 1176 1609 Ι

758 1667 893 1729 XLVIII.

390 1781 549 1861 Coponem
562 1779 741 1861 laniumque
754 1779 979 1861 balneumquc,

390 1865 565 1925 Tonsorem
579 1865 775 1942 tabulamque
791 1862 989 1943 calculosque

388 1950 431 2009 Et
445 1969 576 2029 paucos,
599 1948 655 2008 sed
671 1955 706 2008 ut
720 1948 847 2027 eligam,
865 1947 1011 2009 libellos:

388 2034 491 2093 Unum
505 2053 567 2093 nou
581 2034 707 2093 nimium
722 2033 831 2092 rudem
846 2033 984 2093 sodalem

367 2117 432 2179 5Et
446 2116 593 2195 grandem
607 2136 737 2197 puerum
752 2116 867 2194 diuque
882 2114 981 2177 levem

388 2202 431 2262 nt
446 2221 547 2261 caram
560 2220 658 2280 puero
673 2220 742 2261 meo
756 2200 907 2281 puellam:

388 2286 476 2345 Haec
488 2292 612 2365 praesta
627 2287 718 2365 mihi,
739 2286 837 2365 Rufe,
856 2284 908 2347 vel
920 2286 1079 2363 Butuntis,

388 2370 431 2428 nt
446 2371 583 2430 thermas
598 2372 656 2429 tibi
671 2372 751 2430 habe
766 2371 966 2431 Neronianas.

770 2520 877 2582 XLIX.

389 2630 526 2691 Uxorem
540 2630 611 2691 nolo
627 2632 804 2693 Telesinam
821 2632 952 2692 ducere:
975 2632 1091 2710 quare?
1112 2585 1115 2591 Ι

432 2714 566 2791 Moecha
581 2723 638 2779 eat.
670 2715 734 2775 Sed
748 2717 855 2796 puerIs
870 2716 923 2776 dat
938 2716 1094 2777 Telesina.
1123 2713 1215 2778 Volo.

807 2850 843 2911 L.

390 2925 481 3036 Quod
494 2957 586 3021 fellas
599 2967 632 3020 ct
646 2981 753 3039 aquam
766 2968 872 3042 potas,
894 2961 956 3041 nil,
977 2961 1107 3040 Lesbia,
1128 2915 1256 3043 peccas..

433 3045 500 3120 Qua
513 3044 572 3103 tibi
585 3049 676 3124 parte
692 3065 768 3125 opus
783 3052 849 3124 est,
868 3047 999 3123 Lesbia,
1021 3048 1114 3106 'sumis
1130 3066 1247 3126 aquam.

800 3180 850 3244 LI.

388 3287 476 3348 Unus
491 3306 585 3368 saepe
599 3290 658 3349 tibi
672 3297 738 3351 tota
754 3290 898 3351 denarius
915 3312 985 3352 arca

348 3421 350 3423 ,
431 3372 509 3432 (lum
523 3374 565 3431 ait
578 3378 612 3432 et
624 3375 676 3433 hia
691 3373 761 3434 culo
777 3377 898 3454 trItior,
916 3374 1031 3455 Hylle,
1048 3383 1119 3455 tuo,

387 3455 458 3515 Non
472 3462 576 3515 tamen
590 3458 672 3517 hunc
685 3459 801 3538 pistor,
824 3479 887 3518 non
903 3461 1025 3521 auferet
1039 3462 1120 3521 huuc
1135 3462 1194 3521 tibi
1209 3479 1303 3541 copo,

431 3538 496 3599 Sed
510 3540 537 3598 si
554 3541 622 3618 quis
636 3542 730 3601 nlmio
745 3561 827 3623 pene
841 3545 993 3622 superbus
1008 3546 1078 3604 erit.

360 3622 499 3685 tlnfelix
512 3629 623 3683 venter
638 3631 759 3705 spectat
774 3628 911 3687 conuiuia
926 3626 989 3687 culi

429 3708 472 3767 Et
485 3724 610 3787 semper
624 3710 720 3768 miser
734 3708 786 3770 hic
800 3712 915 3789 esurit,
937 3711 991 3773 ille
1007 3718 1109 3853 mall
1117 3792 1133 3829 *
