3434 4575
576 472 918 534 EPIGRAMMATON
933 473 1006 533 LlB.
1022 473 1073 536 Vl.
1284 474 1347 540 12⁹

385 626 449 685 Tot
463 623 655 705 spectacula,
678 631 725 684 tot
742 623 835 702 deos,
859 629 908 684 tot
922 626 1031 684 urbes:

360 709 459 770 oPlus
473 708 569 770 debet
583 710 641 769 tibi
655 707 769 786 Roma,
790 706 873 787 quod
888 706 1001 787 pudica
1015 716 1072 769 est.

803 843 841 906 V.

382 954 510 1014 Rustica
526 960 679 1013 mercatus
694 954 796 1015 multis
814 975 881 1015 sum
895 956 1022 1035 praedia
1036 954 1182 1017 uummlsa

426 1038 536 1098 Mutua
554 1036 609 1097 des
624 1043 764 1117 centum,
786 1038 981 1118 caeciliane,
1002 1060 1088 1119 rogo.

384 1120 435 1182 Nil
449 1123 524 1181 mihi
539 1121 734 1202 respondes?
761 1123 903 1184 Tacitum
919 1131 950 1184 te
966 1124 1072 1185 dicere
1089 1123 1184 1187 credo

426 1206 517 1285 „Non
531 1204 646 1266 reddes
654 1206 687 1264 :“
703 1205 791 1284 ideo,
815 1207 1009 1288 caeciliane,
1031 1229 1118 1288 rogo.

796 1342 849 1404 Vl.

384 1452 532 1514 Comoedi
548 1459 614 1512 tres
628 1457 716 1530 sunt,
739 1451 795 1513 sed
810 1459 890 1513 amat
903 1460 956 1514 tua
969 1453 1079 1534 Paula,
1101 1456 1261 1537 Luperce,

427 1537 594 1612 Quattuor:
619 1543 652 1597 et
665 1527 784 1616 κωφὸν
803 1536 900 1598 Paula
914 1531 1096 1615 πρόσωπον
1114 1548 1203 1602 amat.

787 1671 852 1732 Vll.

383 1783 460 1845 lulia
472 1784 525 1845 lex
539 1783 661 1865 populis
676 1803 714 1843 ex
730 1803 809 1862 quo,
830 1782 998 1862 Faustine,
1019 1792 1127 1845 renata
1141 1794 1191 1847 est

426 1870 530 1949 Atque
546 1871 665 1928 intrare
682 1866 789 1927 domos
804 1867 886 1926 iussa
902 1867 1056 1928 Pudicitia
1072 1876 1135 1948 est,

383 1953 446 2013 Aut
464 1955 580 2031 minus,
603 1959 656 2012 aut
670 1958 757 2012 certe
772 1970 835 2009 non
848 1950 918 2030 plus
935 1953 1092 2012 tricesima
1107 1951 1161 2014 lux
1174 1961 1238 2034 est,

425 2038 467 2098 Et
483 2039 572 2097 nubit
586 2035 706 2096 decimo
723 2036 783 2095 iam
798 2033 952 2095 Telesilla
965 2037 1041 2100 viro.

362 2122 472 2197 oQuue
488 2122 577 2181 nubit
591 2122 723 2199 totiens,
744 2139 805 2178 non
819 2121 923 2178 nubit:
946 2119 1089 2182 adultera
1101 2118 1174 2202 lege
1190 2127 1249 2186 est.

427 2205 579 2266 Offendor
594 2206 723 2266 moecha
737 2202 926 2283 simpliciore
941 2205 1049 2268 minus.

670 2342 672 2346 ’
782 2339 860 2403 Vlll.

383 2453 560 2513 Praecones
575 2449 654 2527 duo,
677 2456 822 2528 quattuor
837 2452 973 2528 tribuni,

384 2537 511 2615 Septem
527 2532 688 2610 causidici,
711 2531 821 2591 decem
834 2538 947 2611 poetae

384 2618 550 2680 Cuiusdam
566 2616 656 2677 modo
671 2617 794 2696 nuptias
810 2618 961 2696 petebant

382 2705 410 2764 A
426 2702 556 2781 quodam
571 2719 656 2762 sene.
685 2701 753 2761 Non
768 2706 904 2760 moratus
921 2699 977 2759 ille

360 2788 536 2851 ol‘raecoui
552 2785 640 2846 dedit
653 2783 772 2864 Eulogo
786 2782 933 2864 puellum.

382 2872 456 2950 Dic,
477 2869 626 2951 numquid
642 2870 743 2947 fatue,
765 2868 900 2946 Severe,
920 2867 1020 2929 fecit?

796 3003 848 3069 lX.

382 3117 417 3178 lu
432 3118 619 3199 Pompeiano
636 3117 768 3197 dormis,
788 3118 941 3195 Laeviue,
962 3116 1102 3176 theatro:

424 3202 466 3262 Et
484 3204 643 3281 quereris,
666 3204 693 3263 si
708 3209 740 3263 te
755 3204 885 3263 suscitat
900 3199 1063 3261 Oceanus?

800 3336 838 3396 Χ.

382 3447 483 3508 Pauca
497 3447 599 3508 lovem
617 3464 718 3525 nuper
733 3466 801 3506 cum
817 3444 901 3504 milia
915 3444 999 3504 forte
1012 3460 1170 3520 rogarem,

425 3530 502 3608 „llle
518 3518 625 3590 danic‘
642 3529 719 3588 dixit
734 3530 809 3607 „qul
823 3528 899 3588 mihi
913 3524 1028 3605 templa
1044 3524 1163 3588 dedit.“

382 3612 516 3692 Templa
533 3613 657 3692 quidem
673 3612 760 3674 dedit
774 3611 830 3673 ille
843 3612 924 3688 lovi,
946 3608 1003 3669 sed
1018 3608 1102 3669 milia
1115 3610 1205 3671 nobis
1298 3634 1300 3639 ·

426 3695 519 3757 Nulla
533 3697 636 3759 dedit:
656 3696 770 3778 pudet,
790 3698 847 3775 alu,
868 3712 1105 3776 paucurogasse
1122 3694 1233 3755 lovem.

382 3782 492 3843 Meno.
