3434 4575
356 342 420 410 1³4
676 342 720 445 121.
737 342 829 405 VAL.
845 342 1072 404 MARTIALIS

439 499 572 558 Munera
588 515 655 555 cum
669 500 777 575 posset
792 493 928 555 nondum
944 496 1062 555 sentire
1076 500 1221 578 patroni,

482 581 609 642 Glaucia
621 577 754 640 libertus
772 580 831 638 iam
846 578 989 638 Melioris
1005 585 1082 641 erat.

415 665 581 728 §Moribus
594 666 654 724 hoc
667 664 847 741 formaeque
864 660 983 722 datum:
1007 665 1075 741 quis
1089 662 1238 728 blandior
1252 667 1330 732 llloi

480 751 544 810 Aut
559 749 627 829 quis
642 744 810 826 ApoIIIneo
825 744 987 825 pulchrior
1002 766 1058 807 ore
1074 749 1158 809 fuiti
1250 780 1254 784 ·

437 831 610 894 immodicis
624 832 728 892 brevis
742 836 791 891 eat
805 836 889 890 aetas
905 836 938 890 et
953 851 1023 890 rara
1037 839 1193 895 senectus.

480 916 637 997 Quidquid
652 934 750 992 amas,
772 914 877 992 cupias
896 912 1127 994 conplacuisse
1144 919 1248 980 nimIs.

826 1050 923 1110 XXX.

437 1161 498 1221 Sex
515 1161 659 1221 sestertia
673 1161 700 1221 si
715 1161 819 1220 statIm
832 1159 990 1239 dedisses,

434 1247 513 1306 Oum
528 1245 605 1304 dixti
619 1245 694 1304 mihi
711 1243 843 1324 „Sume,
865 1243 960 1324 tolle,
983 1244 1102 1324 dono,“

434 1328 592 1389 Deberem
608 1329 683 1405 tibi,
704 1328 818 1408 Paete,
839 1350 897 1410 pro
916 1328 1066 1390 ducentis.

435 1414 478 1472 At
492 1431 574 1473 nunc
589 1431 657 1471 cum
671 1411 798 1473 dederis
813 1413 866 1473 diu
880 1419 1033 1483 moratus,

413 1496 512 1558 5Post
527 1500 664 1577 septem,
685 1502 777 1577 puto,
798 1496 850 1557 vel
864 1517 974 1559 novem
987 1496 1157 1577 Kalendas,

435 1581 491 1642 Vis
507 1580 606 1640 dicam
618 1580 677 1642 tibi
691 1580 812 1641 veriora
825 1581 931 1642 veris?

436 1664 497 1725 Sex
510 1665 671 1743 sestertia,
692 1664 805 1744 Paete,
825 1664 1001 1746 perdidisti,

815 1799 925 1860 XXXI.

434 1909 586 1987 Uxorem,
610 1908 813 1989 Oharideme,
834 1917 917 1971 tuam
936 1910 996 1969 scis
1010 1909 1078 1991 ipse
1093 1909 1235 1990 sinisque

474 1995 502 2053 A
515 1992 635 2054 medico
649 1991 745 2069 futui:
767 1996 812 2055 vis
827 1995 894 2055 sine
908 1994 999 2053 febre
1012 1993 1099 2054 mori.

808 2129 930 2190 XXXII.

433 2239 510 2301 Oum
526 2236 683 2300 dubitaret
699 2238 798 2301 adhuc
811 2239 891 2302 belli
903 2240 1002 2303 civilis
1015 2242 1103 2322 Enyo

474 2322 620 2385 Forsitan
634 2329 668 2383 et
680 2331 788 2405 posset
802 2328 926 2387 vincere
941 2324 1042 2386 mollis
1059 2326 1159 2403 Otho,

433 2408 594 2468 Damnavit
608 2406 704 2468 multo
719 2415 870 2470 staturum
883 2410 1030 2488 sanguine
1044 2410 1180 2470 Martem

473 2491 516 2553 Et
528 2489 610 2552 fodit
625 2500 711 2553 certa
724 2501 852 2573 pectora
866 2500 932 2553 tota
946 2512 1045 2553 manu.

412 2574 485 2639 bSit
500 2575 594 2654 Oato,
617 2575 688 2637 dum
702 2579 792 2656 vivit,
813 2596 887 2638 sane
900 2575 951 2637 vel
970 2577 1104 2637 anaare
1119 2577 1235 2640 maiora

430 2701 439 2712 ..
474 2661 553 2720 Dum
568 2661 715 2739 moritur,
734 2660 883 2741 numquid
897 2663 993 2722 maior
1010 2661 1133 2721 Othone
1148 2661 1235 2722 fuit?

799 2808 936 2870 XXXIII.

429 2919 482 2981 ΝΠ
498 2920 721 3000 miserabilius,
743 2923 868 3002 Matho,
889 2922 1059 3005 paedicone
1074 2921 1202 2984 Sabello

472 3003 604 3084 VidIsti,
626 3025 686 3085 quo
701 3005 747 3066 ull
760 3004 872 3069 laedes
888 3013 958 3067 aute
973 3007 1043 3070 fuit.

429 3086 543 3167 Furta,
564 3091 672 3169 fugae,
694 3097 810 3152 mortes
824 3109 1001 3170 servorum,
1021 3089 1183 3169 incendia,
1203 3089 1312 3156 luctus

471 3173 625 3253 Aldiguut
636 3175 807 3255 hominem,
827 3177 887 3236 iam
901 3177 995 3235 miser
1011 3180 1044 3236 et
1057 3175 1161 3236 futuit.

800 3309 937 3372 XXXIV.

428 3418 519 3480 Dasio
533 3418 691 3500 danobis,
711 3421 918 3497 Diadumene,
939 3440 1054 3502 pressa.
1085 3422 1214 3499 „Quot“
1228 3375 1356 3507 inquiat

471 3503 587 3565 Oceani
602 3506 712 3566 fluctus
727 3523 776 3565 me
791 3522 953 3565 numerare
968 3506 1056 3565 iubes

429 3584 471 3644 Et
485 3588 578 3649 maris
592 3590 708 3668 Aegaei
724 3608 844 3670 sparsas
859 3583 918 3668 per
930 3587 1024 3649 litora
1039 3589 1171 3651 conchas

262 3733 495 4155 O
