3434 4575
526 487 867 551 EPIGRAMMATON
883 488 957 550 LIB.
976 489 1054 552 VllI.
1251 489 1312 554 183

720 689 856 750 XXXIII.

349 809 396 867 De
412 804 599 887 praetoricia
614 800 723 863 folium
738 803 831 881 mihi,
851 801 965 882 Paule,
988 823 1103 864 corona

390 890 493 951 Mittis
508 894 541 948 et
554 889 614 947 hoc
627 885 751 968 phialae
766 905 880 946 nomen
892 888 1009 948 habere
1025 889 1123 951 iubes.

348 976 415 1035 Hac
429 974 533 1033 fuerat
546 990 646 1052 nuper
659 969 772 1031 nebula
787 973 846 1031 tibi
860 989 970 1051 pegma
984 978 1183 1053 perunctum,

391 1055 513 1119 Pallida
530 1075 620 1134 quam
634 1057 722 1115 rubri
738 1051 830 1115 diluit
844 1054 926 1115 unda
942 1059 1035 1117 croci.

326 1143 401 1205 adu
414 1141 510 1219 magis
524 1141 617 1200 astuti
633 1138 741 1199 derasa
757 1144 807 1198 est
822 1158 924 1218 ungue
940 1141 1074 1200 ministri

390 1226 537 1302 Braotea,
560 1223 598 1282 de
613 1223 714 1284 fulcro
729 1242 819 1302 quam
833 1242 908 1284 reor
923 1242 992 1284 esse
1008 1225 1084 1286 tuo?

349 1309 405 1371 llla
419 1314 524 1389 potest
539 1306 669 1367 culicem
683 1305 775 1384 longe
791 1308 910 1368 sentire
925 1307 1079 1370 volantem

390 1394 433 1453 ut
446 1392 563 1452 minimi
578 1391 672 1470 pinna
685 1389 852 1471 papilionis
869 1394 925 1470 agi.

349 1478 487 1556 Exiguae
502 1473 612 1535 volitat
626 1493 776 1555 suspensa
788 1495 903 1556 vapore
918 1473 1067 1539 lucernae

307 1574 342 1625 10
389 1563 431 1620 ut
444 1558 559 1619 leviter
574 1559 643 1619 fuso
658 1561 811 1639 rumpitur
826 1561 889 1620 icta
903 1578 998 1621 mero.

347 1646 416 1705 Hoc
430 1642 540 1703 lihitur
555 1649 645 1722 sputo
662 1643 727 1703 Iani
742 1650 867 1721 caryota
881 1643 1047 1722 Kalendis,

392 1729 488 1803 Quam
502 1728 567 1786 fert
581 1747 649 1786 cum
663 1746 757 1806 parco
773 1726 918 1787 sordidus
933 1747 1000 1788 asse
1015 1727 1121 1790 cliens.

346 1813 447 1872 Lenta
462 1812 561 1870 minus
577 1809 685 1889 gracili
700 1817 845 1870 crescunt
860 1810 1012 1871 colocasia
1026 1811 1095 1892 filo,

394 1893 493 1955 Plena
503 1895 602 1972 ,magis
616 1894 711 1953 nimio
725 1892 794 1953 lilia
809 1892 876 1954 sole
892 1894 1019 1955 cadunt:
1066 1933 1069 1939 -

308 1981 414 2042 15Nec
428 1998 503 2057 vaga
516 1983 579 2038 tam
595 1979 682 2038 tenui
697 1976 845 2038 discurrit
859 1997 972 2039 aranea
986 1977 1066 2058 tela,

393 2064 470 2123 Tam
483 2060 555 2123 leve
569 2079 628 2121 nec
642 2062 775 2140 bombyx
788 2061 944 2142 pendulus
960 2070 1051 2142 urget
1066 2084 1150 2145 opus.

350 2149 493 2210 Crassior
506 2149 540 2206 iu
555 2145 635 2205 facie
650 2143 773 2205 vetulae
789 2153 850 2207 stat
865 2154 951 2207 creta
965 2146 1129 2230 Fabullae,

393 2231 535 2292 Crassior
550 2229 687 2290 offensae
702 2228 787 2291 bulla
802 2233 947 2292 tumescit
962 2250 1076 2312 aquae;

348 2317 477 2376 Fortior
496 2322 528 2374 et
542 2320 642 2387 tortos
657 2320 760 2375 servat
774 2318 877 2376 vesica
891 2315 1021 2396 capillos

304 2410 342 2462 20
390 2401 432 2461 Et
445 2405 543 2459 mutat
561 2398 664 2458 Latias
680 2418 785 2477 spuma
801 2401 915 2460 Batava
930 2420 1040 2462 comas.

350 2485 417 2544 Hac
435 2490 505 2543 cute
520 2481 644 2542 Ledaeo
659 2483 792 2542 vestitur
806 2482 956 2563 pullus‘In
972 2504 1046 2562 ovo,

394 2566 484 2626 Talia
497 2565 603 2626 lunata
616 2564 735 2646 splenia
749 2566 853 2626 fronte
870 2567 990 2631 sedent.

352 2650 435 2727 Quid
447 2652 505 2711 tibi
521 2670 589 2710 cum
603 2649 721 2729 phiala,
742 2648 870 2728 ligulam
886 2671 953 2712 cum
968 2652 1095 2712 mittere
1108 2654 1225 2733 posssi,

393 2735 524 2796 Mittere
540 2754 608 2794 oum
622 2735 722 2813 possis
736 2732 787 2794 vel
804 2736 968 2795 cochleare
983 2736 1081 2795 mihi?

307 2827 343 2882 25
350 2818 464 2897 Magna
476 2819 566 2878 nimis
581 2816 753 2897 loquimur,
775 2816 933 2878 cochleam
948 2838 1017 2878 cum
1030 2820 1157 2880 mittere
1174 2819 1289 2898 possis3

393 2903 535 2983 Denique
551 2921 618 2962 cum
633 2902 734 2982 possis
748 2902 892 2981 mittere,
916 2901 1028 2981 Paule,
1047 2903 1135 2967 nihil.

721 3072 859 3136 XXXIV.

352 3203 566 3282 Archetypum
580 3203 671 3283 Myos
687 3209 846 3282 argentum
863 3211 896 3264 te
911 3201 988 3263 dicis
1002 3202 1129 3263 habere.

395 3286 485 3361 Quod
501 3288 568 3345 siue
583 3292 617 3345 te
632 3286 747 3346 factum
763 3293 828 3366 est,
850 3288 911 3346 hoc
926 3286 1021 3363 magis
1037 3284 1238 3362 archetypum
1253 3297 1311 3347 est.

729 3440 855 3502 XXXV.

353 3566 430 3626 (lum
444 3566 513 3625 sitis
527 3562 644 3625 similes
658 3583 812 3645 paresque
828 3567 906 3645 vita,

351 3650 437 3710 Uxor
452 3650 602 3730 pessima,
621 3650 772 3730 pessimus
787 3650 932 3729 maritus,

352 3735 470 3816 Miror,
488 3753 551 3794 nou
565 3735 646 3794 hene
662 3734 828 3795 convenire
843 3735 939 3795 vobis.
