3434 4575
379 466 420 534 to
704 476 740 530 o.
764 475 836 530 mu.
861 474 1048 530 ruvnnurrs

380 626 494 706 Perque
516 635 608 702 tuum,
629 632 714 704 pater
732 623 846 703 Aegaei
870 621 1021 703 Neptune,
1043 621 1211 689 tridentem:

366 711 468 782 Addit
486 719 515 770 et
537 708 701 771 Herculeos
722 727 808 770 arcus
830 709 1000 788 hastamque
1022 706 1171 769 Minervae
1191 711 1219 763 et

380 794 525 875 Quidquid
548 794 655 855 hahent
676 794 800 854 telorum
819 794 1038 854 armamentaria
1062 792 1150 853 coeli.

380 879 411 940 Si
433 896 505 938 vero
529 888 558 939 et
577 889 661 958 pater
684 887 744 953 est,
769 879 936 955 comedam,
960 879 1064 959 inquit,
1090 877 1188 938 iiehiie
1210 876 1267 936 nati

380 965 512 1044 Sinciput
529 964 597 1024 eiixi
619 963 783 1043 Pharioque
805 963 948 1023 madentis
969 971 1065 1023 aceto.
1338 970 1373 1026 Bo

423 1050 493 1108 Sunt
511 1049 539 1108 in
561 1048 694 1109 fortunae
717 1050 766 1127 qui
789 1047 906 1109 casibus
927 1048 1023 1111 omnia
1041 1055 1149 1126 ponant

382 1132 418 1194 Et
436 1133 515 1193 nullo
540 1132 659 1194 credant
680 1131 812 1193 mundum
833 1141 953 1193 rectore
976 1133 1098 1209 moveri,

382 1217 487 1279 Natura
510 1217 648 1278 volvente
669 1219 752 1277 vices
773 1227 802 1277 et
823 1216 898 1277 iuois
922 1227 951 1277 et
969 1217 1046 1291 anni,

382 1305 477 1381 Atque
499 1302 567 1362 ideo
587 1302 723 1381 intrepidi
745 1318 947 1382 quaecumque
970 1302 1071 1362 altaria
1092 1308 1220 1378 tangunt.

381 1388 433 1447 Est
454 1387 528 1447 alius
550 1395 699 1463 metuens,
721 1404 759 1446 ne
782 1387 892 1447 crimen
914 1402 1010 1466 poena
1034 1394 1185 1465 sequatur:
1340 1392 1375 1446 90

381 1471 434 1533 iiic
456 1480 535 1551 putat
553 1489 621 1530 esse
644 1471 718 1531 deos
740 1479 770 1531 et
791 1473 924 1551 peierat,
948 1480 1035 1552 atque
1057 1471 1096 1530 ita
1119 1487 1235 1529 secum:

380 1557 544 1631 Decernat,
568 1554 771 1635 quodcumque
792 1556 892 1630 volet,
916 1557 953 1617 de
976 1572 1104 1634 corpore
1124 1563 1225 1614 nostro

380 1640 436 1700 lsis
455 1648 484 1699 et
506 1642 580 1700 irato
600 1640 687 1700 feriat
707 1659 772 1701 mea
796 1640 902 1701 lumina
925 1642 1023 1715 sistro,

381 1725 541 1785 Dummodo
561 1725 611 1786 vei
634 1742 742 1786 caecus
764 1733 881 1786 teneam
899 1741 974 1806 quos
995 1724 1111 1802 abnego
1135 1739 1273 1784 nummos.

381 1809 417 1870 Et
440 1808 562 1889 phthisis
581 1819 609 1870 et
630 1812 764 1870 vomicae
787 1819 889 1889 putres
911 1820 941 1871 et
963 1809 1107 1870 dimidium
1132 1827 1198 1869 crus
1340 1815 1375 1870 95

381 1897 451 1956 Sunt
468 1895 553 1972 tanti,
576 1913 689 1974 pauper
708 1894 889 1975 locupletem
912 1904 1015 1974 optare
1035 1892 1195 1973 podagram

380 1977 447 2040 Nec
468 1978 581 2040 dubitet
599 1977 709 2056 Ladas,
733 1981 757 2039 si
782 1996 839 2041 non
858 1989 929 2057 eget
947 1980 1085 2055 Anticyra
1105 1996 1162 2039 nea

383 2063 566 2142 Archigene:
590 2063 657 2143 quid
680 2064 755 2123 eninr
778 2064 892 2125 velocis
913 2064 1008 2142 gloria
1032 2062 1148 2142 plantae

382 2149 515 2209 Praestat
537 2156 566 2208 et
589 2148 721 2208 esuriens
741 2148 864 2209 Pisaeae
887 2167 982 2209 ramus
1006 2144 1127 2208 oiivaei

382 2231 419 2293 Ut
436 2234 473 2293 sit
494 2250 614 2311 magna,
634 2241 729 2293 tamen
753 2242 835 2294 certe
859 2233 936 2294 lenta
959 2234 1000 2294 ira
1024 2232 1145 2293 deorum
1166 2242 1226 2293 est:
1328 2241 1375 2292 100

382 2320 413 2379 Si
436 2327 536 2378 curant
557 2318 643 2395 igitur
666 2326 788 2378 cunctos
806 2319 909 2393 punire
931 2327 1083 2392 nocentes,

383 2401 504 2475 Quando
524 2402 559 2462 ad
583 2420 638 2481 me·
651 2399 789 2463 venienti
801 2403 861 2463 Sed
884 2412 913 2462 et
936 2401 1087 2463 exorabile
1111 2419 1215 2461 numen

381 2485 520 2547 Fortasse
544 2487 696 2565 emperiam
715 2485 793 2548 solet
814 2485 860 2547 his
883 2489 1056 2565 ignoscere;
1080 2487 1158 2547 multi

384 2570 568 2631 Committunt
590 2571 694 2631 eadem
716 2571 834 2632 diverso
855 2573 974 2634 crimina
997 2571 1073 2638 fato:

382 2655 436 2716 iile
460 2673 576 2715 erucem
599 2657 724 2717 sceleris
745 2659 873 2734 pretium
892 2655 972 2732 tulit,
996 2655 1044 2716 hic
1064 2656 1204 2716 diadema.
1328 2659 1376 2714 105

382 2741 432 2801 Sic
450 2740 572 2800 animum
595 2740 676 2802 dirae
697 2742 841 2820 trepidum
863 2741 1017 2803 tormidine
1039 2741 1144 2819 culpae

384 2821 564 2884 confirmans
582 2835 650 2886 tunc
673 2835 702 2886 te
723 2845 807 2886 sacra
827 2826 863 2886 ad
886 2825 1008 2886 delubra
1031 2834 1185 2885 vocantem

383 2909 550 2987 Praecedit,
574 2910 691 2970 trahere
715 2912 800 2970 immo
824 2910 899 2970 ultro
920 2928 955 2970 ac
975 2928 1084 2970 vexare
1108 2918 1233 2987 paratus.

384 2992 454 3054 Nam
478 3012 563 3073 quum
585 3013 688 3073 magna
711 2996 804 3056 malae
829 3004 966 3073 superest
987 2994 1107 3053 audacia
1131 3010 1248 3065 causae,

383 3076 518 3139 Creditur
539 3098 555 3139 a
577 3079 674 3140 multis
695 3079 808 3140 iiducia.
855 3078 970 3140 Mimum
992 3080 1052 3155 agit
1073 3079 1134 3152 iile,
1329 3086 1377 3135 110

385 3161 492 3223 Urbani
514 3163 630 3243 qualem
652 3163 790 3241 fugitivus
814 3182 914 3224 scurra
935 3162 1055 3224 Catuiii:

383 3246 426 3307 Tu
442 3248 531 3307 miser
554 3248 717 3322 exclamas,
742 3256 772 3308 ut
794 3250 931 3309 Stentora
952 3250 1072 3308 vincere
1092 3246 1199 3325 possis,

383 3330 440 3392 Vel
462 3334 558 3410 potius
580 3341 714 3412 quantum
738 3332 879 3394 Gradivus
903 3332 1090 3392 Homericus:
1115 3330 1216 3403 Audis,

385 3415 533 3494 iuppiter,
555 3416 646 3493 haec,
666 3435 721 3477 nec
744 3417 825 3478 labra
845 3436 964 3491 moves,
985 3434 1071 3497 quum
1094 3416 1208 3474 mittere
1230 3430 1333 3471 vocem

385 3499 528 3560 Debueris
556 3501 604 3561 vel
627 3519 807 3562 marmoreus
828 3502 877 3561 vei
901 3498 1033 3562 aeneus?
1058 3510 1175 3560 auteur
1327 3506 1375 3557 115

384 3583 416 3644 In
438 3585 566 3647 carbone
589 3596 638 3647 tuo
661 3586 828 3663 chantapia
850 3596 913 3645 tura
934 3585 1029 3645 solutu

385 3667 519 3729 Ponimus
540 3679 569 3730 et
590 3680 702 3731 sectum
720 3669 802 3730 vituii
820 3670 903 3730 iecur
924 3670 1047 3748 albaque
1068 3669 1150 3745 porci

385 3749 530 3814 Omentai
551 3762 583 3815 ut
603 3755 709 3826 video,
733 3754 841 3815 nulium
866 3754 1022 3815 discrimen
1044 3752 1205 3813 habendum
1226 3758 1271 3809 est
