3434 4575
335 339 399 404 280
657 340 702 402 Μ.
717 340 808 404 VAL.
824 341 1054 405 MARTIALIS

420 491 502 569 Quas
517 509 584 551 cum
602 497 711 551 conata
725 510 759 552 es
779 491 902 570 dextra,
925 500 1036 554 conata
1051 497 1188 559 sinistra

462 573 608 653 Vellere,
631 593 699 635 cum
713 574 848 637 lacrimis
863 577 970 636 eximis
986 584 1020 638 et
1036 581 1172 657 gemitu.

398 657 473 721 osio
488 660 740 738 constriuguntur
755 661 874 738 gemina
890 659 1101 740 Symplegade
1118 665 1187 728 culi

462 743 504 804 nt
517 743 639 822 Minyae
653 744 771 804 intrant
787 744 987 823 Cyaneasque
1002 752 1105 808 nater.

419 825 595 888 Emendare
610 829 696 907 cupia
711 829 816 888 vitium
833 826 997 887 deformet
1020 828 1167 892 docebo:

461 911 590 990 Lesbia,
611 929 669 972 nec
683 931 789 990 surgas
804 929 933 987 cenaeo,
955 930 1015 972 nec
1033 913 1162 978 redeas.

840 1045 873 1105 0.

419 1157 545 1216 Habere
560 1156 684 1216 amicam
700 1154 790 1232 nolo,
808 1153 937 1233 Flacco,
959 1154 1125 1236 subtilem,

420 1241 514 1300 Cuius
528 1239 664 1300 lacertos
681 1237 763 1299 anuli
781 1240 842 1298 mei
857 1239 997 1316 cingant,

419 1325 504 1400 Quae
520 1322 610 1384 clune
625 1322 707 1382 nudo
723 1321 812 1382 radat
826 1328 859 1382 et
874 1340 954 1400 genu
967 1329 1104 1402 pungat,

421 1408 478 1467 Cui
494 1426 581 1467 serra
593 1403 724 1483 lumbis,
746 1407 848 1486 cuspis
865 1407 978 1466 emicet
992 1405 1074 1467 culo.

419 1488 482 1550 Sed
496 1490 579 1550 idem
596 1490 722 1550 amicam
736 1487 809 1549 nolo
824 1489 908 1550 mille
922 1488 1084 1554 librarum.
1194 1519 1196 1523 ·

420 1575 584 1636 Carnarius
599 1593 680 1653 rum,
702 1575 892 1654 pinguiarius
905 1593 968 1633 non
984 1592 1059 1634 sum.

838 1708 885 1767 01.

421 1808 542 1870 Thaida
557 1817 617 1868 tam
634 1814 759 1868 tenuem
774 1807 917 1889 potuisti,
938 1804 1067 1886 Flacca,
1090 1807 1230 1874 ridere?

462 1894 529 1972 Tu,
548 1899 641 1972 puto,
665 1891 748 1971 qnod
762 1913 824 1952 non
839 1897 902 1968 eat,
924 1889 1056 1970 Flacca,
1078 1891 1194 1956 videre
1211 1906 1318 1980 poter,

826 2026 888 2086 cu.

418 2128 487 2189 Non
503 2131 551 2184 est
564 2126 729 2198 mentitus,
753 2125 852 2200 quite
867 2123 943 2184 mihi
958 2121 1036 2185 dluit
1051 2124 1175 2189 habere

459 2208 638 2268 Formosam
656 2224 796 2282 carnem,
816 2205 930 2285 Lydia,
952 2226 1013 2267 non
1027 2207 1150 2271 faciem.

417 2294 475 2353 liat
487 2292 548 2366 ita,
571 2290 597 2348 ai
612 2295 714 2349 taceat
729 2295 762 2349 et
776 2291 803 2351 si
817 2296 880 2350 tom
896 2298 977 2351 muto
992 2296 1175 2375 recumbas,

460 2375 556 2450 Quam
571 2373 644 2435 silet
657 2374 690 2432 in
705 2392 777 2434 cera
790 2373 893 2435 uoltus
909 2381 941 2434 et
955 2377 988 2434 in
1002 2377 1117 2439 tabula.

395 2456 481 2519 oSed
499 2459 642 2536 quotiens
656 2456 811 2537 loqueris,
833 2478 956 2518 carnem
973 2478 1113 2540 quoque,
1127 2462 1256 2546 Lydia,
1272 2466 1361 2550 perdi

459 2543 501 2603 nt
514 2562 568 2602 ana
581 2541 652 2623 plus
670 2540 765 2623 nulli,
789 2562 878 2622 qnam
892 2543 965 2620 tibi,
986 2540 1092 2623 lingua
1110 2556 1219 2610 nocet.

417 2626 531 2689 Audiat
545 2626 655 2687 aedilis
669 2647 709 2687 ne
724 2636 756 2688 te
770 2627 934 2707 videatque
950 2633 1073 2688 caveto:

457 2713 640 2772 Portentum
657 2718 721 2791 est,
744 2712 886 2790 quotiens
902 2711 1005 2789 coepit
1018 2711 1117 2792 imago
1133 2712 1238 2795 loqui.

817 2845 891 2905 0111.

420 2942 520 3002 'rann
534 2943 593 3002 tibi
610 2949 659 3003 eat
673 2945 764 3005 animi
778 2945 917 3024 probitas
932 2943 1076 3023 orisque,
1099 2943 1247 3029 Safroni,

458 3025 502 3087 Ut
515 3028 611 3088 mirer
624 3027 695 3088 fleri
713 3036 745 3089 te
758 3029 897 3108 potuisse
910 3033 1039 3108 petrem.

815 3161 893 3224 clv.

415 3255 515 3335 Uxor,
537 3255 614 3317 vade
631 3258 732 3337 foras,
754 3267 805 3318 aut
820 3261 956 3319 moribus
972 3263 1062 3319 utere
1076 3264 1214 3324 nostrin:

459 3342 528 3401 Non
544 3360 609 3401 sum
625 3361 682 3420 ego
697 3362 755 3403 nec
771 3344 899 3420 Curius,
921 3362 979 3402 nec
993 3343 1107 3420 Numa,
1130 3364 1192 3409 nec
1209 3348 1332 3413 Tatius.

415 3423 470 3484 Me
484 3424 616 3484 iucunda
630 3428 733 3485 iuvant
748 3433 865 3485 tractae
882 3445 940 3506 per
955 3425 1067 3505 pocula
1080 3436 1210 3493 noctae:

458 3509 505 3568 Tu
521 3528 670 3589 properae
684 3516 757 3589 pota
772 3527 900 3587 surgere
916 3511 1015 3570 tristia
1031 3530 1119 3589 aqua.

393 3590 466 3651 5Tu
483 3593 623 3653 tenebris
638 3593 767 3671 gaudes:
788 3611 837 3652 me
851 3590 963 3655 ludere
978 3600 1060 3654 teate
1076 3595 1207 3661 lucerna
1282 3662 1288 3670 ,
