3434 4575
431 364 492 430 188
755 365 800 428 lt.
816 365 909 428 vsi.
924 365 1153 426 blAllTlALlS

514 518 606 577 llunc
620 537 679 578 nec
693 518 864 597 Cinyphius
879 525 988 577 tonsor
1002 516 1184 596 violaverit,
1199 528 1234 580 et
1247 528 1286 582 tu

556 602 626 680 lpse
641 610 693 661 tua
707 604 791 680 pasci
805 604 886 679 rite,
906 602 1028 680 Lyaee,
1050 601 1139 664 velis.

514 685 619 763 Terga
631 687 747 766 premit
761 685 890 765 pecudis
905 688 1036 764 geminis
1051 687 1148 746 Amor
1162 705 1280 748 aureus
1295 687 1356 750 alis

555 768 712 829 Palladius
728 776 839 830 tenero
853 769 936 830 lotos
953 771 990 829 ab
1007 789 1063 829 ore
1079 778 1179 830 sonat.

472 863 505 916 lb
511 853 563 914 Sic
578 855 798 933 Methymnaeo
813 857 932 932 gavisus
946 856 1064 914 Arione
1080 854 1211 935 delphin

554 939 711 1016 Languida
724 958 787 998 non
800 940 927 998 uoltum
941 958 1000 1019 per
1015 939 1098 999 freta
1111 941 1196 999 rexit
1211 959 1304 1000 onas.

512 1023 630 1083 lmbuat
642 1025 801 1102 egregium
818 1022 913 1102 digno
927 1025 1002 1082 milri
1018 1030 1145 1084 nectare
1158 1043 1273 1083 munus

554 1105 623 1167 Non
640 1126 736 1186 grege
755 1106 795 1167 dc
810 1106 943 1185 domini,
964 1107 1022 1168 sed
1034 1115 1104 1185 tua,
1126 1109 1240 1183 Ceste,
1264 1128 1379 1171 manus

512 1191 625 1269 (leste,
648 1190 743 1252 decus
759 1211 901 1269 mensae,
922 1194 1017 1252 misce
1031 1191 1155 1252 Setina:
1175 1191 1308 1252 violetur

469 1282 505 1335 20
553 1276 623 1355 lpse
638 1295 717 1355 puer
730 1278 837 1352 nobis,
855 1279 925 1357 ipse
939 1278 1030 1336 sitire
1047 1295 1149 1356 caper.

512 1359 573 1419 Det
586 1379 748 1419 numerum
763 1362 882 1439 cyathis
897 1361 1027 1421 instanti
1039 1358 1149 1421 littera
1163 1361 1251 1421 Rufi:

553 1444 672 1503 Auctor
687 1447 770 1503 enim
783 1447 863 1503 tanti
880 1447 1017 1504 muueris
1033 1444 1090 1504 ille
1106 1446 1190 1505 mibi

512 1527 546 1587 Si
560 1526 734 1588 Telethusa
747 1530 833 1588 venit
845 1531 1058 1609 promissaque
1074 1528 1183 1607 gaudia
1197 1535 1327 1608 portat,

555 1611 709 1672 Servabor
724 1612 883 1691 dominae,
901 1614 1000 1690 Rufe,
1021 1614 1139 1672 triente
1154 1619 1227 1686 tuo;

469 1695 546 1756 2581
560 1694 652 1756 (lubia
669 1704 734 1775 est,
756 1707 906 1777 septunce
918 1698 1042 1772 trabar;
1063 1698 1090 1756 si
1105 1695 1189 1756 fallit
1205 1703 1370 1761 amantem

552 1781 597 1841 Ut
611 1779 747 1860 iugulem
762 1801 868 1859 curas,
890 1800 1003 1841 nomen
1016 1787 1181 1860 utrumque
1195 1781 1313 1841 bibam.

918 1925 981 1986 Lll.

511 2036 686 2096 Tonsorem
699 2055 845 2115 puerum,
868 2037 926 2097 sed
939 2045 1007 2097 arte
1020 2036 1132 2115 talem,

510 2119 616 2196 Qualia
630 2137 689 2178 neo
705 2119 871 2180 Thalamus
888 2121 948 2180 fuit
962 2120 1113 2199 Neronis,

510 2204 680 2263 Drusorum
696 2206 746 2261 cui
760 2206 921 2282 contigere
936 2207 1068 2283 barbae,

510 2284 697 2366 Aequandas
712 2286 811 2347 semel
827 2289 866 2348 ad
882 2308 976 2368 genas
990 2296 1116 2368 rogatus

488 2372 610 2447 oitufo,
633 2370 835 2451 Caediciane,
857 2373 1055 2434 commodavi.

510 2456 588 2515 llum
603 2456 705 2522 iussus
718 2458 837 2535 repetit
851 2456 932 2537 pilos
946 2457 1089 2535 eosdem,

510 2539 650 2600 Censura
662 2539 783 2619 speculi
796 2561 918 2601 manum
931 2547 1080 2619 regente,

509 2625 717 2704 Expingitque
732 2631 835 2684 cutem
849 2626 986 2704 facitque
1001 2625 1123 2705 longam

509 2708 656 2767 Detonsis
671 2710 897 2787 epaphaeresin
911 2708 1049 2789 capillis,

469 2792 657 2853 loliorbutus
672 2793 747 2851 milri
760 2799 868 2852 tonsor
883 2799 933 2853 est
945 2812 1099 2854 resersus.

909 2923 985 2984 Llll.

509 3034 744 3096 Formosissima
759 3054 838 3115 quae
851 3036 942 3097 fuere
956 3035 1006 3096 vel
1020 3042 1107 3113 sunt,

511 3116 576 3177 Sed
589 3117 736 3180 vilissimo
752 3139 830 3199 quae
844 3120 935 3180 fuere
950 3121 999 3180 vel
1014 3126 1102 3196 sunt,

510 3201 642 3281 Oquam
659 3211 691 3264 te
705 3205 793 3282 lieri,
815 3203 955 3283 Catulla,
976 3203 1090 3264 vellem

508 3285 689 3348 Formosam
703 3290 820 3366 minus,
843 3295 895 3347 unt
909 3291 1004 3367 magis
1018 3285 1175 3368 pudicam!

909 3416 987 3479 LlV.

509 3527 624 3605 Magno
639 3528 716 3589 lieet
728 3531 845 3590 totiens
859 3530 997 3605 tribuas,
1017 3530 1134 3588 maiore
1147 3526 1278 3590 daturus

552 3611 655 3691 Dona,
677 3612 788 3674 ducum
805 3615 921 3691 victor,
943 3615 1042 3674 victor
1059 3614 1174 3692 etipse
1188 3612 1252 3689 tui,
