3434 4575
362 485 403 550 52
689 499 724 549 n.
747 498 819 550 ma.
842 498 1029 551 rovnnums

404 642 476 717 Quis
498 644 610 720 gremio
630 639 732 703 Celadi
754 642 892 723 doctique
915 642 1099 705 Palaemonis
1121 641 1216 718 affert,
1284 654 1356 708 '215

362 727 504 802 Quantum
525 727 728 806 grammaticus
750 728 853 788 meruit
871 723 979 788 labori
998 735 1027 787 et
1046 735 1142 787 tamen
1164 745 1201 787 ex
1224 728 1282 790 hoc

362 811 572 890 Quodcumque
595 820 642 871 est
663 811 772 890 (minus
795 820 841 872 est
860 821 954 873 autem
978 829 1061 890 quam
1085 810 1210 871 rhetoris
1234 818 1319 892 aera)

361 895 504 975 Discipuli
527 904 626 956 eustos
647 896 834 974 praemordet
855 907 1090 962 acoenonoetus:

362 979 398 1042 Et
420 982 468 1062 qui
487 979 652 1060 dispensat,
674 980 789 1058 frangat
812 981 877 1040 sibi.
920 979 1017 1056 Cede,
1041 979 1212 1055 Palaemon,

363 1065 398 1126 Et
419 1075 520 1146 patere
540 1064 607 1125 inde
628 1064 736 1144 aliquid
761 1065 957 1142 decrescere,
982 1082 1039 1125 non
1056 1063 1142 1125 aliter
1164 1082 1250 1144 quam
1305 1075 1356 1131 nno

361 1149 477 1210 institor
498 1149 636 1210 hibernae
659 1151 767 1227 tegetis
789 1151 926 1230 niveique
949 1150 1082 1216 cadurci:

361 1235 522 1295 Dummodo
545 1253 603 1292 non
624 1243 743 1314 pereat,
767 1234 881 1295 mediae
902 1235 980 1313 quod
1002 1234 1097 1294 noctis
1120 1233 1156 1293 ab
1180 1232 1251 1293 bora

361 1319 485 1396 Sedisti,
505 1337 561 1398 qua
587 1335 671 1378 nemo
694 1318 794 1394 faber,
817 1336 875 1397 qua
897 1336 983 1379 nemo
1002 1317 1138 1394 sederet,

362 1404 417 1479 Qui
439 1403 527 1464 docet
548 1403 669 1481 obliquo
692 1402 785 1464 lanam
807 1403 956 1465 deducere
977 1403 1074 1470 icrro;

361 1487 522 1548 Dummodo
545 1504 602 1547 non
626 1496 746 1566 pereat,
766 1487 888 1548 totidem
906 1488 1047 1548 olleciese
1071 1485 1224 1562 lucernas,
1304 1499 1355 1552 ηε»

362 1573 439 1646 Quot
460 1571 575 1632 stabant
595 1566 691 1650 pueri,
713 1590 798 1650 quum
820 1580 898 1632 totus
920 1571 1044 1633 decolor
1066 1579 1147 1631 esset

361 1655 483 1718 Flaccus
504 1667 533 1717 et
554 1657 691 1717 haereret
712 1658 796 1735 nigro
815 1656 907 1735 iuligo
929 1655 1049 1718 Maroni.

361 1741 437 1803 Rara
460 1751 554 1801 tamen
576 1759 708 1816 merces,
732 1759 807 1822 quae
831 1743 999 1820 cognitione
1022 1739 1127 1803 tribuni

361 1823 426 1886 Nou
448 1834 545 1906 egeat.
590 1825 650 1888 Sed
670 1843 726 1886 ros
747 1843 851 1886 saevas
874 1828 1013 1905 imponite
1035 1825 1132 1904 leges,

362 1909 398 1971 Ut
421 1913 608 1990 praeceptori
630 1911 786 1971 verborum
807 1911 911 1989 regula
933 1920 1058 1987 constet,
1304 1919 1356 1975 ido

363 1995 398 2057 Ut
420 1996 501 2075 legat
521 1996 674 2072 historias,
695 2005 834 2056 auctores
857 1998 972 2057 noverit
994 2012 1095 2056 omnes

363 2080 518 2161 Tamquam
541 2099 652 2158 ungues
675 2080 844 2159 digitosque
866 2098 951 2148 suos;
975 2089 1004 2140 ut
1022 2078 1100 2139 iorte
1123 2086 1256 2155 rogatus,

365 2166 435 2225 Dum
458 2167 530 2244 petit
551 2174 599 2225 aut
618 2164 746 2225 thermas
767 2173 817 2225 aut
838 2163 951 2225 Phoebi
973 2163 1095 2238 balnea,
1117 2163 1194 2223 dicat

364 2250 509 2311 Nutricem
530 2249 697 2326 Anchisae,
719 2265 824 2309 nomen
845 2249 1027 2329 patriamque
1049 2263 1196 2308 nouercae

364 2334 549 2399 Anchemoli:
572 2334 666 2409 dicut,
690 2343 760 2413 quot
782 2334 909 2394 Acestes
930 2334 1035 2395 vixerit
1056 2334 1148 2406 annis,
1302 2344 1353 2399 23⁶

364 2420 441 2494 Quot
463 2418 554 2479 Siculi
578 2418 741 2497 Phrygibus
764 2420 822 2478 vini
846 2418 999 2480 donaverit
1021 2436 1117 2479 urnas.

246 2580 248 2585 Ι
363 2503 494 2582 Exigite,
519 2512 549 2562 ut
570 2520 668 2564 mores
690 2513 810 2565 teneros
831 2522 885 2564 ceu
911 2502 1020 2582 pollice
1042 2503 1138 2579 ducat,

364 2587 399 2648 Ut
419 2590 445 2648 si
466 2588 530 2667 quis
551 2605 621 2648 cera
641 2587 751 2649 vultum
769 2589 854 2655 iacit:
878 2590 1005 2666 exigite,
1029 2598 1059 2648 ut
1078 2588 1115 2647 sit

351 2670 399 2732 'Et
422 2681 505 2752 pater
527 2673 619 2751 ipsius
641 2684 763 2750 coetus,
787 2690 823 2732 ne
842 2674 936 2753 turpia
960 2672 1069 2748 ludant,

363 2756 406 2816 Ne
426 2757 533 2817 iaciant
557 2757 679 2819 vicibus.
723 2756 789 2819 Non
811 2767 855 2818 est
878 2758 1007 2819 lovetot
1031 2773 1187 2836 puerorum
1304 2766 1355 2821 24⁰

363 2840 528 2901 Observare
551 2860 653 2902 manus
674 2842 837 2923 oculosque
859 2843 887 2903 in
910 2843 966 2902 line
988 2851 1154 2902 trementes.

363 2926 458 3002 llaec,
480 2927 586 3006 inquit,
612 2945 696 2987 cura:
719 2928 771 2989 sed
795 2945 881 3007 quum
905 2945 937 2986 se
960 2928 1081 2987 verterit
1101 2943 1202 3001 annus,

364 3011 491 3085 Accipe,
515 3011 620 3071 victori
645 3010 771 3090 populus
794 3011 871 3090 quod
894 3011 1036 3089 postulat,
1060 3028 1168 3070 aurum.

675 3377 1039 3445 SATIRAVIII.

362 3484 524 3577 Stemmata
548 3515 616 3597 quid
636 3510 767 3576 iaciunt?
786 3514 854 3593 quid
877 3515 1014 3594 prodest,
1036 3513 1172 3588 Pontice,
1198 3512 1288 3592 longo

362 3601 509 3678 Sanguine
531 3602 662 3675 censeri,
686 3600 782 3680 pictos
802 3599 961 3660 ostendere
983 3598 1078 3658 vultus

362 3684 502 3746 blaiorum
522 3694 552 3753 et
571 3694 682 3747 stantes
703 3686 731 3745 iu
754 3684 886 3746 curribus
908 3683 1087 3745 Aemilianos

363 3768 399 3833 ltu
422 3766 527 3831 Curios
548 3772 604 3831 iam
622 3769 755 3834 dimidios
775 3768 971 3852 humerosque
993 3770 1133 3832 minorem
