3434 4575
408 458 467 519 too
736 470 771 517 n.
788 471 859 518 run.
879 470 1064 518 mvnuams

404 611 455 670 Sic
477 610 581 688 aliquis
604 612 706 670 merito
726 611 851 671 nondum
875 609 973 670 ebrius
997 619 1027 670 et
1049 611 1192 669 minimum
1213 610 1261 688 qui

404 695 450 754 lle
471 691 640 769 Corcyraea
663 704 800 755 temetum
824 695 947 755 duxerat
969 712 1052 760 urna:
1361 701 1396 755 25

405 778 492 838 Solus
515 773 589 838 enim
603 777 678 839 haec
692 778 807 839 Ithacus
830 778 909 838 nullo
932 779 985 838 sub
1008 786 1084 837 teste
1108 777 1240 837 canebat.

406 861 467 923 Nos
491 862 619 923 miranda
644 862 777 941 quidem,
802 862 855 923 sed
880 881 973 940 nuper
995 860 1116 921 consule
1139 861 1229 921 lnnco

406 945 495 1007 Gesta
518 965 608 1024 super
631 946 743 1007 calidae
766 947 929 1007 referemus
951 948 1065 1007 moenia
1089 943 1187 1023 Copti,

406 1029 466 1090 lh'os
489 1031 569 1109 vulgi
593 1030 692 1091 scelus
715 1040 744 1090 et
767 1033 878 1092 cunctis
900 1032 1036 1108 graviora
1060 1031 1218 1090 cothurnis.

405 1112 476 1176 Nam
493 1114 607 1189 scelus,
627 1114 766 1190 al’yrrba
785 1134 956 1194 quamquam
976 1115 1070 1174 omnia
1091 1123 1217 1188 syrmata
1236 1112 1349 1186 volvas,
1362 1121 1398 1174 30

406 1197 508 1260 Nullus
531 1199 607 1278 apud
629 1200 760 1276 tragicos
782 1199 909 1277 populus
932 1199 1017 1266 lacit:
1041 1199 1163 1277 accipe,
1189 1205 1290 1256 nostro

312 1308 314 1312 ·
407 1284 474 1345 Dira
498 1283 576 1362 quod
596 1282 762 1362 exemplum
784 1284 887 1344 feritas
909 1282 1080 1362 produxerit
1101 1299 1186 1342 aevo.

449 1367 527 1431 Inter
553 1367 687 1428 finitimos
710 1377 795 1428 vetus
822 1378 910 1445 atque
937 1369 1051 1446 antiqua
1076 1365 1217 1439 simultas,

407 1451 570 1512 immortale
597 1451 693 1510 odium
716 1461 745 1510 et
767 1470 919 1530 numquam
944 1450 1074 1512 sanabile
1097 1450 1200 1510 vulnus

407 1536 499 1595 Ardet
521 1533 631 1609 adhuc,
655 1532 765 1595 Ombos
791 1546 820 1597 et
842 1535 980 1610 Tentyra.
1015 1535 1146 1595 Summus
1168 1532 1310 1610 utrimque
1361 1541 1396 1594 35

407 1619 476 1680 lndc
496 1619 577 1679 furor
599 1619 706 1696 vulgo,
729 1620 805 1699 quod
825 1622 938 1681 numina
965 1619 1124 1679 vicinorum

408 1702 474 1763 Odit
499 1713 622 1782 uterque
645 1702 747 1779 locus,
772 1723 858 1784 quum
882 1705 964 1764 solos
989 1703 1089 1764 credat
1112 1700 1263 1761 habendos

408 1786 484 1847 Esse
507 1787 595 1863 deos,
619 1804 694 1867 quos
716 1791 780 1866 ipse
804 1788 884 1849 colit.
918 1788 976 1848 Sed
999 1799 1131 1864 tempore
1155 1786 1231 1845 festo

407 1870 537 1932 Alterius
561 1871 662 1951 populi
684 1873 823 1951 rapienda
847 1875 967 1933 occasio
991 1873 1102 1930 cunctis

408 1955 476 2015 Visa
500 1956 678 2016 inimicorum
701 1957 876 2034 primoribus
898 1976 933 2017 ac
956 1955 1093 2031 ducibus,
1118 1973 1155 2014 ne
1363 1963 1399 2015 to

408 2039 525 2102 hactum
547 2039 727 2119 hilaremque
750 2041 843 2115 diem,
867 2059 904 2100 ne
928 2057 1051 2118 magnae
1071 2039 1175 2116 gaudia
1198 2056 1309 2099 coenae

408 2123 571 2199 sentirent,
594 2126 698 2204 positis
720 2125 755 2184 ad
780 2125 887 2203 templa
913 2133 941 2184 et
964 2123 1089 2200 compita
1111 2125 1220 2182 mensis

407 2205 604 2289 Pervigilique
629 2217 712 2281 toro,
736 2226 821 2286 quem
847 2217 934 2267 nocte
959 2227 993 2267 ac
1016 2206 1083 2266 luce
1106 2207 1247 2266 iacentem

410 2295 554 2373 Septimus
576 2293 718 2352 interdum
741 2292 786 2352 sol
809 2294 925 2352 invenit.
956 2292 1080 2352 Horrida
1101 2309 1173 2351 sane

407 2377 580 2456 Aegyptus,
607 2376 660 2436 sed
687 2375 816 2452 luxuria,
839 2387 973 2456 quantum
1000 2377 1065 2453 ipse
1088 2378 1195 2450 notaui,
1361 2384 1396 2437 lo

407 2460 535 2521 Barbara
557 2460 670 2520 famoso
694 2477 750 2519 non
774 2460 851 2521 cedit
874 2461 957 2521 turba
982 2458 1114 2538 Canopo.

409 2544 510 2618 Adde,
538 2544 614 2622 quod
637 2544 782 2605 etfacilis
805 2546 927 2605 victoria
950 2544 986 2605 de
1010 2544 1129 2603 madidis
1155 2553 1184 2604 et

408 2628 522 2688 Blaesis
547 2638 634 2707 atque
657 2646 738 2688 mero
761 2629 963 2689 titubantibus:
987 2629 1054 2688 inde
1077 2628 1203 2688 virorum

410 2711 536 2772 Saltatus
559 2714 642 2790 nigro
664 2697 800 2787 tibicini,
824 2714 1047 2793 qualiacumque

410 2794 562 2873 Unguenta
587 2807 617 2856 et
638 2797 727 2857 flores
749 2798 915 2877 multaeque
939 2799 966 2856 in
988 2798 1083 2857 ironte
1107 2812 1250 2860 coronae:
1364 2807 1399 2859 50

410 2879 481 2939 llinc
505 2881 630 2940 ieiunum
655 2881 760 2941 odium.
794 2882 853 2942 Sed
879 2883 971 2958 iurgia
994 2882 1083 2961 prima
1106 2897 1212 2939 sonare

410 2964 551 3041 Incipiunt
575 2966 675 3024 animis
698 2966 882 3039 ardentibus,
905 2967 979 3026 haec
1001 2964 1068 3026 tuba
1092 2966 1189 3031 rixae;

409 3047 484 3108 Dein
506 3048 635 3109 clamore
659 3050 721 3127 pari
744 3052 943 3124 concurritur,
970 3059 999 3109 et
1021 3051 1085 3108 vioe
1107 3048 1159 3109 teli

410 3132 511 3193 Saevit
532 3133 605 3192 nuda
628 3151 741 3201 manus;
764 3153 877 3212 paucae
900 3136 962 3194 sine
984 3132 1105 3193 vulnere
1128 3133 1231 3209 malae,

408 3216 467 3276 Vix
490 3217 622 3295 cuiquam
645 3226 693 3276 aut
712 3219 783 3279 nulli
805 3228 867 3279 toto
892 3220 1048 3278 certamine
1071 3235 1156 3277 nasus
1364 3227 1399 3278 55

410 3300 544 3377 Integer,
567 3301 717 3380 aspiceres
741 3304 793 3362 iam
818 3313 919 3363 cuncta
941 3322 995 3381 per
1016 3302 1129 3378 agmina
1152 3301 1247 3362 voltus

410 3382 568 3461 Dimidios,
596 3384 667 3446 alias
693 3387 785 3447 iacies
808 3396 836 3446 et
860 3386 965 3447 hiantia
991 3388 1082 3464 ruptis

411 3468 485 3528 Ossa
507 3470 608 3545 genis,
632 3470 736 3547 plenos
759 3470 908 3530 oculorum
932 3472 1072 3548 sanguine
1094 3486 1217 3547 pugnos.

410 3550 524 3612 Ludere
548 3571 582 3612 se
606 3554 726 3614 credunt
747 3556 803 3632 ipsi
825 3564 921 3614 tamen
948 3564 978 3614 et
999 3552 1129 3632 pueriles

412 3634 563 3696 Exercere
584 3638 681 3713 acies,
703 3639 781 3718 quod
802 3639 880 3699 nulla
903 3639 1045 3699 cadavera
1068 3638 1196 3704 calcent:
1361 3643 1397 3699 60

411 3718 449 3779 Et
468 3737 538 3779 sane
562 3737 619 3798 quo
642 3732 684 3781 tot
706 3723 826 3782 rixantis
847 3722 924 3783 milia
962 3723 1073 3798 turbae,
