3434 4575
515 453 942 516 urreaauunuounn.
959 455 1025 516 vu.
1232 414 1292 520 ιιι

336 613 529 688 Fractusque
544 628 641 669 cornu
654 609 714 667 iam
728 613 779 668 ter
792 607 934 685 improbo
948 605 1076 667 Rhenus

337 696 461 756 Teneat
475 693 649 753 domantem
663 711 758 770 regna
773 689 913 770 perfidae
927 692 1045 769 gentis,

316 780 408 853 ὁΤι,
431 796 547 840 summe
562 774 668 836 mundi
681 781 787 835 rector
802 780 835 834 et
847 793 961 854 parens
977 775 1078 835 orbis:

336 865 457 924 Abesse
470 862 587 922 nostris
601 866 780 919 nontamen
795 865 885 939 potes
899 859 988 919 votis.

335 946 406 1007 Illic
421 953 454 1006 et
469 944 566 1005 oculis
581 950 614 1004 et
628 944 735 1003 animis
750 962 871 1021 snmus,
893 943 1024 1021 Caesar,

336 1031 489 1108 Adeoque
504 1035 624 1089 mentes
639 1029 773 1087 omnium
787 1032 877 1086 tenes
891 1045 989 1106 unns,

334 1115 380 1174 Ut
392 1116 460 1193 ipsa
474 1110 575 1191 magni
589 1112 680 1171 turba
693 1112 811 1170 nesciat
826 1110 926 1188 Circi,

296 1199 487 1260 lolltrumne
505 1202 610 1256 currat
623 1195 805 1255 Passerinus
820 1213 859 1254 an
874 1194 989 1273 Tigris.

733 1326 811 1389 Vlll.

336 1439 425 1500 Nunc
439 1438 573 1518 hilares,
595 1441 622 1499 si
638 1438 759 1518 qnando
773 1441 866 1517 mihi,
886 1458 968 1498 nunc
982 1435 1100 1516 ludite,
1121 1437 1247 1500 Musae:

379 1525 489 1586 Victor
505 1526 542 1584 ab
558 1522 692 1602 Odrysio
706 1522 851 1584 redditur
866 1525 942 1584 orbe
959 1521 1045 1583 deus.
1133 1544 1143 1564 ·

338 1608 434 1666 Certa
450 1607 527 1666 facis
543 1605 652 1687 populi
665 1614 700 1667 tu
713 1609 830 1686 primus
844 1613 931 1683 vote,
950 1607 1141 1667 December:

378 1691 439 1749 lam
453 1689 531 1750 licet
544 1692 664 1770 ingenti
679 1689 785 1751 dicere
799 1710 875 1751 voce
890 1689 1045 1769 „Venit!“

314 1772 530 1834 inclinante
545 1776 610 1834 tua!
639 1775 769 1834 Poteras
787 1794 851 1834 non
870 1773 984 1834 cedere
998 1774 1087 1850 lano,

380 1857 499 1918 Gaudia
516 1859 542 1917 si
556 1859 661 1936 nobis,
683 1877 762 1936 quae
777 1856 863 1917 dabit
876 1856 949 1934 ille,
970 1856 1071 1917 dares.

335 1941 432 2001 Festa
451 1947 615 2002 coronatus
630 1939 720 2000 ludet
734 1943 868 2002 convitia
881 1939 989 2018 miles,

378 2027 464 2086 lnter
477 2025 650 2102 laurigeros
664 2044 733 2084 curn
747 2043 850 2085 comes
864 2025 923 2084 ibit
938 2042 1044 2103 equos.

336 2110 397 2170 Fas
416 2108 523 2169 audire
537 2111 622 2169 iocos
636 2108 816 2186 levioraque
832 2109 982 2186 carmina,
1004 2108 1136 2186 caesar,

294 2205 330 2256 10
376 2194 419 2253 lut
432 2195 507 2272 tibi,
527 2194 554 2253 si
566 2191 654 2253 lusus
667 2194 735 2273 ipse
750 2194 924 2274 triumphus
940 2196 1029 2253 amat.
1073 2196 1076 2201 ’

744 2341 796 2403 IX.

329 2452 415 2512 *Cum
429 2453 586 2529 sexaginta
600 2458 743 2512 numeret
757 2452 930 2513 Cascellius
945 2473 1058 2533 annos,

377 2535 557 2613 Ingeniosus
571 2536 663 2595 homo
679 2542 741 2595 eat:
764 2536 886 2615 quando
903 2536 1038 2599 disertus
1058 2538 1143 2599 erit‘l

753 2669 783 2729 X

337 2779 521 2841 Paedicatur
535 2781 633 2859 Eros,
655 2779 748 2841 iellat
760 2782 871 2842 Linus:
895 2775 971 2859 Ole,
992 2782 1067 2860 quid
1081 2782 1120 2843 ad
1134 2789 1184 2862 te,

379 2866 426 2924 De
441 2871 512 2924 cute
527 2863 602 2943 quid
615 2865 730 2925 iaciant
742 2863 800 2925 ille
813 2863 865 2926 vel
876 2863 933 2927 ille
950 2866 1026 2926 sua‘.l

339 2948 489 3008 Centenis
503 2950 598 3009 futuit
612 2949 721 3009 Matho
738 2948 880 3010 milibus:
902 2949 978 3029 Ole,
994 2948 1069 3029 quid
1083 2949 1122 3012 ad
1136 2950 1191 3011 tei

379 3032 448 3092 Non
462 3039 495 3092 tu
508 3039 695 3113 propterea,
718 3034 775 3095 sed
787 3036 897 3095 Matho
910 3054 1030 3116 pauper
1045 3036 1115 3097 erit.

312 3116 370 3176 filn
383 3113 486 3176 lucem
500 3123 592 3177 cenat
605 3117 772 3183 Sertorius.
804 3118 879 3198 010,
903 3118 978 3198 quid
993 3119 1031 3180 ad
1044 3120 1101 3179 te‘t

381 3201 458 3261 Cum
471 3199 567 3261 liceat
580 3207 645 3261 tota
658 3208 794 3264 stertere
813 3209 906 3264 nocte
922 3204 997 3266 tibi.»

338 3282 542 3363 Septingenta
556 3284 631 3344 'l'ito
647 3284 743 3347 debet
755 3287 876 3366 Lupusr
900 3285 975 3363 Ole,
994 3284 1068 3365 quid
1083 3282 1121 3344 ad
1135 3278 1200 3345 tat
1220 3284 1223 3290 ’

348 3438 350 3442 ,
378 3369 489 3426 Assem
505 3385 546 3425 ne
562 3364 688 3428 dederis
703 3369 914 3431 crediderisve
927 3368 1026 3449 Lupo.

337 3448 420 3508 Illud
435 3447 624 3527 dissimulas,
646 3449 685 3510 ad
698 3458 732 3511 te
748 3451 831 3531 quod
844 3454 999 3531 pertinet,
1022 3450 1100 3528 010,

295 3543 330 3593 10
379 3530 530 3608 Quodque
545 3533 640 3611 magis
658 3552 750 3595 curae
764 3536 910 3595 convenit
924 3553 994 3594 esse
1008 3539 1090 3594 tuae.

337 3616 400 3675 Pro
414 3613 521 3691 togula
535 3613 648 3676 debes:
667 3617 727 3679 hoc
742 3617 781 3678 ad
796 3625 833 3679 te·
841 3618 997 3701 pertinet,
1017 3614 1087 3680 Ole.

381 3698 589 3776 Quadrantem
603 3720 693 3762 nemo
707 3704 768 3764 iam
783 3704 841 3764 tihi
855 3699 971 3762 credit:
994 3707 1027 3763 et
1042 3703 1113 3765 hoo.
