3434 4575
747 490 873 537 samus
898 490 969 538 xvi.
1281 480 1338 539 too

386 631 519 694 hamis
541 648 617 691 nuuc
639 631 695 691 alia
721 640 809 709 atque
832 630 889 690 alia
913 629 1107 690 emolumenta
1129 642 1261 692 notemus
1305 641 1339 695 35

343 717 607 778 sacramentorum.
644 712 815 775 Gonvallem
838 716 913 774 ruris
938 716 1006 774 aviti

341 798 496 880 improbus
519 808 568 862 sut
590 816 722 878 campum
745 798 813 858 milri
834 800 859 857 si
881 799 994 858 vicinus
1016 798 1134 875 ademit,

342 882 379 945 its
400 901 516 945 sacrum
541 881 643 944 erodit
663 881 760 942 medlo
782 882 819 943 de
845 883 935 942 limite
955 901 1067 958 saxum,

341 967 427 1043 Quod
449 985 515 1028 mes
537 985 602 1028 cnm
635 966 735 1046 patulo
762 967 853 1027 coluit
883 966 949 1044 puls
978 985 1071 1027 annua
1097 967 1177 1045 libo,

341 1050 467 1113 Debitor
487 1061 537 1112 aut
558 1059 691 1129 sumptos
714 1053 811 1130 pergit
839 1068 896 1110 non
921 1051 1049 1112 reddere
1076 1069 1218 1129 nummos,
1304 1061 1339 1116 to

343 1134 421 1197 Vana
444 1136 621 1216 supervacui
642 1135 745 1195 dicens
773 1135 970 1215 chirographa
993 1135 1079 1212 ligni:

342 1218 565 1299 Exspectandus
588 1219 645 1279 crit
668 1220 717 1297 qui
740 1218 806 1279 lites
831 1218 949 1279 inchoet
972 1236 1062 1279 annus

341 1302 442 1365 Totius
465 1302 583 1383 populi;
606 1303 659 1364 sed
681 1313 749 1362 tnnc
772 1320 891 1382 quoque
911 1302 990 1364 mille
1013 1304 1133 1364 ierenda

343 1386 467 1464 Taedia,
488 1386 568 1448 mille
588 1405 704 1448 morae:
729 1389 818 1447 toties
841 1388 984 1449 subsellia
1008 1384 1115 1449 tuntum

342 1475 527 1539 Sternuntur:
552 1474 608 1532 iam
631 1472 756 1532 facundo
780 1481 910 1550 ponente
938 1473 1071 1533 lacernas
1304 1482 1338 1537 ts

344 1555 483 1618 Caedicio
511 1565 541 1616 et
563 1554 661 1616 Fusco
687 1558 742 1615 iam
767 1557 951 1616 micturiente
972 1559 1066 1635 parati

341 1640 529 1720 Digredimur
550 1641 689 1719 lentaque
712 1640 769 1699 lori
793 1659 953 1718 pugnamus
977 1660 1075 1701 arena.

344 1726 395 1787 Ast
416 1724 490 1801 illis,
516 1742 590 1804 quos
612 1742 690 1785 arma
714 1733 814 1802 tegunt
837 1735 867 1784 et
890 1724 1004 1786 balteus
1027 1725 1125 1801 ambit,

343 1808 428 1884 Quod
453 1808 592 1888 placitum
615 1819 660 1868 est
683 1809 755 1886 ipsis
783 1818 948 1886 praestatur
969 1820 1084 1888 tempus
1110 1811 1227 1888 agendi,

341 1892 405 1954 Nec
430 1911 479 1953 res
502 1894 635 1953 atteritur
657 1892 747 1969 longo
770 1892 932 1953 sufflamine
955 1893 1022 1953 litis.
1304 1908 1340 1960 ω

341 1978 420 2038 bolis
446 1986 603 2057 praeterea
626 1976 751 2037 testandi
773 1977 910 2037 militibus
934 1979 978 2036 ius

343 2061 418 2122 Viro
441 2070 526 2141 patre
550 2061 649 2129 datum
673 2079 754 2135 nam,
779 2078 854 2139 qnae
881 2071 946 2121 sunt
968 2072 1051 2140 parta
1074 2061 1177 2123 labore

343 2144 482 2222 dilutae,
506 2146 615 2225 placuit
638 2163 696 2205 non
716 2162 785 2205 esse
807 2148 835 2204 in
858 2162 986 2224 corpore
1010 2165 1128 2223 census,

343 2229 436 2291 Omne
459 2238 539 2291 tenet
566 2231 646 2291 cuius
673 2232 805 2309 regimen
828 2240 922 2310 pater.
964 2228 1045 2309 Ergo
1070 2228 1224 2309 Coranum,

343 2316 497 2395 signorum
527 2318 660 2376 comitem
685 2324 906 2395 castrorumque
932 2334 1001 2377 aera
1024 2326 1196 2393 merentem,
1304 2329 1338 2381 oo

343 2399 481 2474 Quamvis
507 2402 561 2460 iam
588 2401 728 2461 tremulus
751 2409 849 2478 captat
873 2410 966 2480 pater.
1012 2399 1094 2461 llunc
1120 2402 1203 2461 lavor
1225 2420 1337 2482 aequus

342 2482 481 2545 Provebit
503 2494 532 2543 et
557 2484 680 2564 pulchro
702 2481 797 2544 reddit
820 2503 872 2545 sua
895 2485 969 2546 dona
995 2485 1098 2546 labori.

342 2567 438 2646 lpsius
459 2577 541 2629 certe
564 2569 646 2628 ducis
671 2569 729 2629 boc
754 2568 868 2629 referre
890 2569 1016 2646 videtur,

346 2650 401 2729 Ut,
430 2653 478 2732 qui
500 2652 584 2713 tonis
607 2655 679 2728 erit,
705 2654 742 2712 sit
763 2652 950 2714 felicissimus
971 2655 1060 2731 idem,

342 2732 382 2794 us
406 2735 476 2797 lacti
499 2736 629 2816 phaleris
656 2754 757 2798 omnes
780 2745 810 2795 et
831 2737 984 2818 torquibus
1010 2734 1121 2800 omnes.
1304 2753 1338 2804 tio
