3434 4575
320 453 363 519 32
643 451 689 514 Μ.
703 450 796 512 VAL.
811 448 1037 511 MARTIALIS

406 607 524 686 Accipe
538 624 600 664 non
613 604 706 664 Pario
718 604 858 663 nutantia
871 600 1012 682 pondera
1024 621 1113 679 saxo,

449 690 535 765 Quae
550 688 650 748 cineri
664 706 758 746 vanus
774 684 827 746 dat
842 686 963 745 ruitura
976 682 1086 763 labor,

385 771 472 836 used
486 770 595 833 faciles
609 774 706 832 buxos
721 777 754 831 et
768 788 878 850 opacas
892 767 1028 850 palmitis
1043 771 1168 829 umbras

319 890 326 901 ·
451 858 599 935 Quaeque
615 856 720 914 vitem
730 852 867 913 lacrimis
882 851 1006 914 roscida
1019 859 1109 932 prata
1120 854 1210 914 meis.

408 942 541 1020 Accipe,
563 957 635 1000 care
650 957 745 1019 puer,
766 938 867 997 nostri
882 938 1069 996 monimenta
1083 935 1221 998 doloris:

450 1026 511 1085 Hic
524 1025 582 1083 tibi
595 1028 749 1103 perpetuo
764 1028 905 1100 tempore
918 1022 1002 1080 vivet
1014 1021 1123 1081 honor.

410 1110 487 1171 Cum
500 1108 575 1168 milri
590 1125 751 1186 supremos
766 1105 914 1165 Lachesis
927 1105 1109 1184 perneverit
1122 1123 1238 1185 anuos,

369 1204 403 1256 10
450 1193 519 1252 Nou
533 1189 626 1252 aliter
641 1191 763 1250 cineres
780 1187 890 1248 mando
905 1189 1010 1249 iacere
1024 1206 1119 1249 meos.

764 1322 930 1385 LXXXIX.

411 1436 519 1497 Garris
533 1437 567 1496 in
581 1454 685 1495 aurem
701 1453 824 1514 semper
838 1436 996 1513 omnibus,
1019 1435 1136 1513 cinna,

412 1520 520 1580 Garris
535 1525 567 1578 et
583 1517 661 1578 illud
675 1524 757 1578 teste
773 1516 947 1598 quodlicet
961 1520 1062 1579 turba.

410 1601 507 1663 Rides
520 1604 554 1662 in
568 1620 689 1681 aurem,
711 1603 871 1681 quereris,
894 1604 1013 1681 arguis,
1035 1598 1156 1681 ploras,

412 1687 525 1746 Cantas
539 1688 572 1746 in
587 1705 708 1765 aurem,
729 1685 864 1765 iudicas,
883 1693 984 1766 taces,
1007 1684 1137 1763 clamas,

388 1769 563 1850 alueoque
577 1773 702 1852 penitus
716 1770 798 1831 sedit
812 1771 864 1831 hic
876 1772 935 1831 tibi
949 1773 1091 1847 morbus,

412 1855 456 1916 Ut
474 1874 567 1936 saepe
582 1858 615 1915 in
631 1874 753 1935 aurem,
776 1856 892 1933 Cinna,
915 1855 1081 1915 Caesarem
1094 1850 1214 1915 laudes.

818 2003 882 2065 XC.

415 2117 504 2197 Quod
517 2137 671 2197 nunquam
684 2116 819 2177 maribus
836 2117 968 2176 cinctam
983 2123 1031 2194 te,
1052 2119 1163 2196 Bassa,
1180 2116 1324 2178 videbam

456 2201 607 2281 Quodque
620 2202 679 2260 tibi
692 2200 854 2259 moechum
868 2197 973 2258 fabula
986 2199 1071 2261 nulla
1087 2200 1207 2281 dabat,

415 2286 513 2347 Omne
529 2284 586 2346 sed
601 2284 735 2345 officium
749 2283 831 2344 circa
845 2289 879 2344 te
892 2302 1016 2364 semper
1034 2286 1139 2347 obibat

457 2370 563 2430 Turba
577 2370 624 2429 tui
638 2386 744 2447 sexus,
764 2386 828 2428 non
843 2366 978 2429 adeunte
994 2370 1080 2445 viro;

392 2454 494 2515 ollsse
508 2452 681 2531 videbaris,
702 2452 820 2530 fateor,
841 2452 987 2514 Lucretia
1002 2455 1106 2514 nobis:

456 2538 499 2598 Aa
513 2543 564 2615 tu,
585 2556 643 2616 pro
658 2536 796 2614 facinus,
818 2536 929 2616 Bassa,
950 2537 1070 2598 fututor
1085 2557 1165 2597 eras.

414 2622 500 2682 Inter
515 2640 549 2682 se
564 2621 702 2699 geminos
717 2620 811 2680 audes
826 2623 1020 2682 committere
1035 2641 1151 2681 cunnos

457 2705 673 2784 Mentiturque
687 2706 786 2765 virum
805 2704 985 2785 prodigiosa
999 2706 1114 2767 Venus.

416 2788 596 2850 Commenta
610 2807 645 2849 es
659 2787 783 2868 dignum
798 2789 948 2851 Thebano
964 2789 1136 2868 aenigmate
1149 2793 1340 2867 monstrum,

375 2882 410 2934 10
456 2873 517 2934 Hic
531 2875 584 2933 ubi
597 2876 645 2934 vir
658 2891 722 2933 non
736 2878 801 2952 est,
823 2880 858 2933 ut
872 2875 914 2934 sit
930 2872 1124 2934 adulterium.

814 3007 892 3069 xcl.

418 3119 495 3180 cum
507 3125 560 3178 tna
572 3137 636 3178 non
649 3117 740 3196 edas,
762 3121 863 3200 carpis
877 3138 945 3180 mea
961 3123 1111 3200 carmina,
1129 3117 1226 3181 Laeli.
1314 3139 1316 3144 ·

459 3203 597 3284 Carpere
610 3200 661 3265 vel
673 3200 739 3263 noli
753 3209 861 3263 nostra
874 3202 925 3265 vel
940 3204 1000 3265 ede
1014 3212 1076 3268 tna.

807 3336 898 3397 xcll.

419 3448 520 3530 Saepe
534 3449 611 3509 mihi
626 3450 767 3529 queritur
780 3468 843 3508 non
861 3449 951 3509 siccis
967 3450 1078 3511 Cestos
1094 3446 1219 3527 ocellis,

460 3533 561 3614 Tangi
575 3552 608 3593 se
624 3532 739 3613 digno,
760 3533 970 3612 Mamuriane,
984 3540 1048 3596 tuo.

416 3616 484 3677 Non
500 3637 577 3698 opus
591 3623 641 3678 est
653 3617 767 3697 digito:
788 3623 887 3678 totum
901 3618 959 3677 tibi
974 3618 1091 3678 (leston
1104 3619 1236 3696 habeto,

459 3700 492 3760 Si
508 3700 598 3762 deest
612 3700 657 3761 nil
673 3701 777 3781 aliud,
799 3702 1008 3779 Mamuriane,
1029 3703 1095 3763 tibi.
