3434 4575
351 459 413 526 lto
678 461 723 524 M.
740 461 832 524 VAL.
849 463 970 522 MART
972 465 1076 525 IALIS

839 665 905 727 LV.

433 774 524 851 Quod
539 795 662 857 semper
678 780 821 857 casiaque
836 779 1039 858 cinnamoque

355 922 358 927 ,
414 906 417 912 .
432 859 474 919 Et
489 859 562 920 nido
576 863 666 940 niger
680 862 762 923 alitis
780 863 933 941 superbae

431 943 564 1022 Fragras
577 945 723 1026 plumbea
736 947 952 1024 Nicerotiana,

433 1026 530 1088 Rides
544 1049 618 1106 nos,
639 1031 807 1108 Goraciue,
828 1029 875 1088 nil
889 1029 1028 1089 olentes:

407 1109 534 1192 ablalo,
555 1117 741 1193 quambene
757 1111 863 1191 olere,
882 1112 930 1173 nil
945 1113 1040 1174 olere.

833 1249 913 1311 LVI.

435 1357 525 1435 Quod
541 1359 598 1418 tibi
611 1379 701 1418 crura
714 1361 818 1438 rigent
834 1361 911 1421 setis
926 1369 959 1421 et
971 1369 1101 1440 pectora
1114 1360 1218 1442 villis,

475 1440 581 1503 Verba
595 1448 684 1522 putas
697 1443 796 1503 famae
809 1451 859 1522 te,
882 1444 1084 1523 charideme,
1106 1445 1209 1508 dare?

432 1526 577 1604 Extirpa,
599 1526 801 1606 mihicrede,
821 1527 904 1608 pilos
919 1528 959 1588 de
977 1549 1109 1610 corpore
1125 1537 1194 1591 toto

476 1609 586 1687 Teque
600 1608 701 1690 pilare
716 1618 784 1671 tuas
798 1614 968 1673 testificare
983 1621 1080 1676 nates.

412 1704 428 1755 5
436 1694 544 1772 „Quae
558 1697 638 1754 ratio
653 1695 745 1754 est‘l“
759 1697 879 1775 iuquis;
900 1699 961 1757 scis
975 1697 1087 1758 multos
1103 1696 1213 1759 dicere
1228 1701 1328 1763 multa

473 1778 537 1839 Fac
550 1778 708 1859 predicari
720 1785 770 1858 te,
793 1780 996 1858 Charideme‚
1016 1787 1136 1862 putent

825 1915 918 1978 LVII.

432 2025 579 2086 Mentiris
594 2027 683 2086 fictos
700 2034 873 2106 unguento,
893 2028 1040 2106 Phoebe,
1061 2027 1193 2108 capillos

474 2110 517 2170 lut
529 2112 646 2189 tegitur
660 2112 753 2190 pictis
768 2110 894 2172 sordida
908 2109 992 2170 calva
1008 2113 1112 2172 comis.

434 2192 608 2254 Tonsorem
621 2195 716 2274 capiti
729 2213 792 2254 non
807 2203 856 2255 est
873 2195 1023 2255 adbibere
1038 2214 1182 2256 necesse:

474 2276 598 2338 Radere
611 2283 644 2338 te
658 2275 769 2339 melius
785 2281 929 2360 spongia,
948 2279 1092 2359 Phoebe,
1111 2289 1228 2361 potest.

817 2428 921 2491 LVIII.

434 2539 575 2599 Cernere
588 2539 770 2600 Parrhasios
785 2539 857 2600 dum
872 2549 905 2601 te
920 2543 1022 2620 iuvat,
1044 2541 1142 2623 Aule,
1164 2547 1290 2611 triones

475 2624 620 2684 Cominus
634 2631 668 2683 et
681 2624 784 2686 Getici
798 2625 902 2686 sidera
914 2626 1001 2686 ferre
1012 2625 1094 2706 poli,

433 2707 459 2767 0
474 2728 563 2787 quam
576 2726 676 2789 paene
692 2709 749 2768 tibi
763 2708 886 2788 Stygias
901 2728 959 2788 ego
973 2720 1080 2790 raptus
1096 2711 1136 2772 ad
1150 2712 1249 2776 undas

473 2790 599 2871 Elysiae
617 2792 678 2853 vidi
694 2792 800 2852 nubila
814 2793 902 2854 fusca
915 2792 1039 2874 plagae!

410 2875 576 2952 5Quamvis
590 2874 673 2937 lassa
686 2882 756 2936 tuos
772 2880 963 2955 quaerebant
977 2876 1094 2939 lumina
1107 2879 1209 2942 voltus

475 2961 578 3039 Atque
592 2966 660 3020 erat
674 2962 706 3019 in
720 2958 824 3038 gelido
838 2962 987 3042 plurimus
1002 2982 1057 3023 ore
1071 2963 1204 3027 Pudens.

433 3043 466 3103 Si
480 3045 556 3103 mibi
570 3041 711 3104 lanificae
726 3043 842 3107 ducuut
855 3066 917 3106 uon
933 3044 1020 3127 pulla
1034 3067 1160 3108 sorores

476 3127 612 3188 StamIna
626 3146 685 3189 nec
699 3128 809 3190 surdos
824 3150 881 3190 vox
895 3131 990 3192 habet
1004 3132 1063 3191 ista
1078 3130 1171 3210 deos,

432 3210 557 3293 Sospite
572 3230 621 3272 me
637 3230 745 3291 sospes
759 3213 864 3274 Latias
878 3215 1039 3275 reveheris
1054 3215 1092 3275 ad
1108 3218 1201 3277 urbes

391 3306 425 3359 10
471 3298 515 3358 rit
527 3297 650 3357 referes
663 3296 722 3377 pili
735 3300 873 3378 praemia
886 3296 986 3359 clarus
1002 3318 1106 3380 eques.

830 3432 908 3492 LIX.

430 3541 473 3601 lut
487 3541 574 3606 dolet
587 3552 621 3605 et
638 3546 779 3625 queritur
794 3546 854 3605 sibi
867 3564 931 3604 nou
948 3547 1128 3626 confingere
1143 3548 1263 3631 frIgus,

473 3626 610 3710 Propter
623 3637 786 3690 sexcentas
799 3630 933 3688 baccara
946 3632 1144 3711 gausapinas,

432 3709 528 3789 Optat
543 3719 576 3773 et
591 3715 736 3774 obscuras
749 3709 837 3774 luces
851 3719 1023 3794 ventosque
1038 3716 1203 3794 nivesque,

286 3941 448 4043 Α
823 3980 830 4014 ι
