3434 4575
591 449 933 512 EPIGRAMMATON
946 450 1020 515 LIB.
1037 451 1060 512 I.
1306 452 1349 516 25

777 651 869 715 LVII.

388 765 535 846 Qualem,
549 768 686 870 Iliacum,
706 767 800 830 velim
816 769 940 846 quaeris
955 768 1089 829 nolimve
1103 767 1264 849 puellam?

428 851 508 911 Nolo
525 853 616 912 nimis
631 851 756 913 facilem
771 851 994 932 difficilemque
1010 852 1110 914 ulmis.

386 935 466 996 Illud
480 934 563 1015 quod
574 935 709 996 medium
724 943 773 996 est
787 941 880 1015 atque
890 938 974 997 inter
985 940 1150 1014 utrumque
1165 939 1346 1016 probamus·

426 1019 492 1080 Nec
505 1019 576 1079 volo
593 1018 676 1098 quod
691 1021 823 1098 cruciat,
845 1038 904 1081 nec
918 1017 989 1080 volo
1003 1019 1085 1099 qnod
1100 1021 1198 1083 satiat
1287 1022 1294 1035 ‘

773 1153 878 1215 LVIII.

385 1263 477 1325 Milia
490 1286 547 1345 pro
562 1285 660 1347 puero
677 1273 800 1328 centum
814 1286 864 1328 me
880 1285 988 1346 mango
1003 1266 1161 1348 poposcit·

426 1349 494 1409 Risi
509 1368 585 1429 ego,
607 1349 664 1410 sed
679 1352 823 1411 Phoebus
837 1352 981 1433 protinus
995 1348 1050 1410 illa
1065 1349 1161 1410 dedit.

385 1433 453 1493 Hoc
469 1431 557 1494 dolet
570 1440 604 1494 et
618 1437 759 1512 queritur
774 1433 813 1494 de
828 1454 878 1495 me
893 1454 962 1495 mea
975 1431 1114 1495 mentula
1127 1453 1232 1496 secum

426 1516 644 1596 Laudaturque
659 1534 758 1580 meam
771 1519 940 1580 Phoebus
931 1538 964 1579 ιιι
978 1517 1133 1580 invidiam.

363 1600 450 1664 cSed
465 1600 676 1662 sestertiolum
692 1601 817 1662 donavit
831 1601 970 1663 mentula
983 1601 1111 1662 Phoebo
1172 1625 1180 1637 ·

426 1685 479 1744 Βίι
495 1684 636 1746 deciens:
660 1687 720 1746 hoc
736 1685 774 1745 da
788 1690 823 1746 tu
840 1687 934 1764 mihi,
955 1684 1055 1768 pluris
1071 1703 1178 1746 emam.

787 1819 865 1880 LIX.

385 1932 445 1992 Dat
463 1933 577 1993 Baiana
591 1933 668 1992 mihi
683 1930 871 2011 quadrantes
887 1930 1028 2012 sportula
1043 1937 1175 1994 centum.

427 2017 512 2077 Inter
531 2016 657 2077 delicias
675 2015 751 2094 quid
763 2017 840 2077 facit
853 2017 914 2076 ista
927 2014 1047 2076 fames?

384 2097 495 2160 Redde
510 2101 589 2180 Lupi
604 2102 693 2161 nobis
708 2103 938 2180 tenebrosaque
953 2096 1065 2160 balnea
1081 2096 1197 2178 GrleI:

427 2184 505 2244 Tam
519 2183 600 2245 male
615 2204 684 2245 oum
699 2203 820 2266 cenem,
847 2204 902 2245 cur
917 2186 1014 2261 bene,
1034 2181 1162 2262 Flacco,
1179 2182 1290 2244 laver?

786 2336 851 2398 LII.

384 2447 485 2507 Intres
500 2445 600 2527 ampla
612 2444 691 2506 licet
704 2449 784 2508 torvi
798 2445 891 2528 lepus
907 2468 961 2508 ora
974 2446 1095 2526 leonis,

426 2533 504 2591 Esse
519 2537 623 2590 tamen
636 2551 731 2592 vacuo
746 2550 781 2591 se
794 2529 848 2592 leo
865 2530 959 2593 dente
973 2536 1070 2613 putat.

385 2614 475 2692 Quod
489 2619 561 2674 ruet
574 2615 608 2673 ln
623 2621 745 2694 tergum
759 2613 810 2674 vel
826 2634 903 2693 quos
918 2615 1124 2695 procumbet
1114 2634 1147 2675 m
1165 2634 1284 2694 armos,

426 2697 523 2759 Alta
513 2716 712 2758 iuvencorum
727 2696 857 2759 vulnera
870 2700 947 2778 figet
961 2700 1039 2760 ubi*²

362 2781 468 2859 5Quid
482 2782 600 2842 frustra
613 2801 773 2842 nemorum
788 2781 945 2843 dominum
958 2800 1127 2862 regemque
1140 2783 1273 2861 fatlgasl

425 2867 495 2926 Non
508 2868 568 2926 nisu
559 2865 707 2927 delecta
721 2868 858 2945 pascitur
873 2864 927 2927 ille
941 2868 1020 2932 fera.

779 2999 857 3060 LXI.

382 3112 509 3175 Verona
524 3112 609 3173 docti
623 3112 757 3193 syllabas
772 3121 852 3176 amat
866 3116 961 3195 vatis,

424 3197 556 3259 Marone
570 3195 648 3258 felix
661 3198 789 3259 Mantua
804 3206 868 3277 est,

383 3281 538 3342 Censetur
552 3281 662 3362 Apono
677 3281 763 3341 Livio
778 3302 832 3343 suo
849 3283 943 3345 tellus

426 3364 586 3443 Stellaque
601 3382 660 3425 nec
673 3363 787 3426 Flacco
802 3368 919 3444 miuus,

361 3447 574 3529 5Apollodoro
591 3446 712 3526 plaudit
724 3450 867 3511 Imbril'er
887 3449 990 3528 Nilus,

304 3559 305 3566 ι
423 3531 546 3592 Nasone
559 3530 683 3611 Peligni
697 3538 823 3610 sonant,

382 3614 528 3694 Duosque
543 3615 679 3676 Senecas
694 3618 879 3696 unicumque
895 3618 1050 3677 Lucanum

422 3698 569 3759 Facunda
581 3698 719 3779 quuitur
735 3699 897 3774 Corduba,
