3434 4575
669 469 793 515 sauma
808 469 844 513 vl

299 611 418 670 Cretata
441 607 577 668 ambitio?
597 609 687 685 vigila
709 617 737 667 et
760 609 840 666 cicer
863 608 963 684 ingere
987 606 1068 684 large

297 696 413 755 Rixanti
436 693 562 772 populo,
586 701 685 752 nostra
706 701 736 750 ut
755 689 883 750 Floralia
906 692 1018 769 possint

297 779 398 857 Aprici
422 778 586 837 meminisse
612 794 714 846 senes;
737 775 804 853 quid
829 770 998 853 pulchrius?
1030 773 1068 832 At
1091 794 1175 854 quum

297 863 423 923 llerodis
443 879 554 921 venere
577 862 658 935 dies,
682 869 825 936 unctaque
848 859 978 919 fenestra
1235 869 1283 925 180

296 947 467 1023 Dispositae
490 948 625 1023 pinguem
646 943 780 1004 nebulam
803 960 943 1003 vomuere
965 943 1103 1002 lucernae

297 1032 450 1090 Portantes
473 1029 582 1105 violas,
611 1028 784 1107 rubrumque
808 1027 943 1106 amplexa
964 1027 1086 1086 catinum

297 1113 396 1174 Gauda
417 1122 495 1172 natat
517 1114 631 1188 thynni,
653 1122 742 1171 tumet
764 1111 830 1171 alba
852 1111 950 1172 fidelia
971 1112 1054 1169 vino:

296 1198 388 1258 Labra
409 1215 511 1256 moves
534 1198 637 1257 tacitus
660 1197 842 1274 recutitaque
864 1196 984 1255 sabbata
1006 1193 1110 1273 palles.

297 1282 367 1342 lum
386 1283 461 1358 nigri
484 1282 610 1340 lemures
634 1297 750 1359 ovoque
769 1280 899 1357 pericula
916 1289 1012 1359 rupto,
1234 1292 1282 1344 185

297 1367 367 1426 Tum
389 1365 516 1443 grandes
539 1364 609 1442 galli
631 1373 744 1423 etcum
768 1365 855 1423 sistro
875 1363 957 1424 lusca
982 1363 1121 1423 sacerdos

297 1451 452 1510 incussere
475 1449 548 1508 deos
568 1448 701 1508 inflantes
722 1465 864 1527 corpora,
889 1450 914 1506 si
937 1463 995 1506 non

297 1533 477 1594 Praedictum
501 1542 545 1592 ter
566 1551 648 1592 mane
671 1541 757 1611 caput
777 1533 941 1608 gustaveris
963 1531 1022 1591 alli.

338 1617 457 1677 Dixeris
482 1618 556 1676 hacc
578 1618 652 1676 inter
672 1618 823 1676 varicosos
847 1617 1042 1691 centuriones,

298 1699 442 1760 Continuo
466 1719 595 1760 crassum
617 1701 691 1760 ridet
714 1699 880 1759 Pullennius
902 1702 1015 1777 ingens,
1233 1711 1283 1764 190

297 1784 333 1844 Et
362 1793 477 1845 centum
499 1783 629 1845 Graecos
657 1793 738 1843 curto
762 1792 898 1843 centusse
921 1782 1033 1842 licetur.

693 1974 899 1981 ——.——-

624 2103 861 2167 SATIRA
891 2103 950 2166 VI.

297 2233 439 2325 ildmovit
461 2261 517 2319 iarn
539 2259 638 2321 bruma
659 2261 727 2322 ioco
748 2271 792 2339 te,
816 2261 925 2335 Basse,
948 2256 1078 2320 Sabiuo‘l

297 2342 394 2404 lamne
418 2345 481 2419 lyra
504 2353 533 2403 et
555 2347 660 2405 tetrico
681 2348 780 2406 vivunt
805 2347 857 2406 tibi
880 2346 996 2424 pectine
1019 2340 1167 2404 chordae?

298 2427 370 2487 blire
393 2428 494 2506 opifex
516 2431 641 2488 numeris
663 2440 793 2489 veterum
813 2430 969 2509 primordia
989 2446 1092 2488 vocum

297 2519 395 2592 Atque
418 2530 525 2572 maram
552 2515 701 2592 strepitum
725 2514 787 2574 iidis
814 2514 974 2574 intendisse
995 2512 1111 2587 latinae,

297 2600 367 2659 llox
393 2598 513 2656 iuvenes
541 2598 652 2674 agitare
671 2601 755 2658 iocos
781 2608 811 2658 et
831 2598 942 2677 pollice
967 2597 1091 2656 honesto
1265 2607 1282 2657 5

299 2681 446 2760 Egregius
470 2681 575 2740 lusisse
597 2700 699 2742 senex.
730 2681 800 2741 blihi
823 2701 899 2742 nunc
919 2679 1006 2758 Ligus
1028 2698 1079 2740 ora

297 2767 413 2843 intepet
439 2764 628 2844 hibernatque
650 2785 744 2826 meum
764 2783 860 2842 marc,
885 2782 940 2843 qua
968 2765 1041 2824 latus
1065 2765 1167 2841 ingens

298 2851 373 2910 Dant
397 2849 511 2927 scopuli
534 2858 562 2909 et
581 2850 668 2910 multa
695 2850 761 2909 litus
784 2869 816 2910 se
838 2849 917 2909 valle
939 2857 1082 2927 receptat.

297 2934 399 2995 Lunai
418 2940 555 3010 portam,
578 2942 624 2995 ert
642 2953 773 3013 werce,
795 2935 984 3014 cognoscite,
1007 2934 1106 2995 cloec!

299 3016 359 3077 Cor
381 3016 460 3076 iubet
481 3016 539 3078 hoc
560 3017 649 3095 Enni,
673 3028 825 3098 postquam
847 3018 999 3078 destertuit
1020 3035 1088 3077 esse
1250 3027 1282 3076 10

297 3100 484 3177 Maeonides,
509 3100 628 3174 Quintus
652 3120 765 3181 pavone
788 3121 826 3162 ex
848 3102 1042 3178 Pythagoreo.

298 3186 351 3245 llic
374 3201 432 3262 ego
454 3203 575 3246 securus
597 3186 677 3264 vulgi
697 3196 726 3246 et
748 3187 815 3265 quid
833 3195 989 3265 praeparet
1015 3195 1112 3245 auster

297 3269 404 3328 lnielix
425 3271 545 3346 pecori,
568 3289 689 3330 securus
713 3280 742 3329 et
762 3270 883 3348 angulus
903 3270 953 3329 ille
1126 3264 1128 3267 ⁴
1290 3276 1310 3336 i

297 3354 393 3413 Vicini
419 3362 518 3412 nostro
540 3357 606 3433 quia
628 3356 778 3432 pinguior,
801 3356 856 3413 etsi
879 3354 952 3414 adeo
976 3371 1076 3412 omnes
1268 3358 1309 3419 „ii

298 3438 449 3496 Ditescaut
470 3439 525 3498 orti
544 3439 710 3516 peioribus,
734 3457 827 3517 usque
850 3455 984 3498 recusem
1249 3443 1309 3503 lbcl

300 3519 412 3580 Curvus
435 3520 472 3580 olr
495 3522 524 3581 id
546 3523 631 3582 minui
654 3524 753 3596 senio,
775 3533 822 3583 aut
845 3539 971 3582 coenare
994 3522 1056 3579 sine
1076 3527 1173 3593 uncto,
1243 3526 1310 3587 {tuti

299 3605 335 3665 Et
357 3606 470 3681 signum
493 3606 522 3664 in
543 3607 647 3685 vapida
670 3623 741 3665 naso
764 3608 898 3683 tetigisse
920 3604 1034 3681 lagena.
1227 3611 1309 3689 apoll

298 3689 456 3766 Discrepet
478 3688 522 3748 his
545 3691 633 3751 alius:
656 3692 805 3768 geminos,
826 3690 1009 3767 horoscope,
1034 3704 1103 3746 varo
1210 3693 1307 3754 ‚maliti

340 3794 418 3832 raas.
434 3794 494 3834 sna.
1058 3771 1077 3831 2
