3434 4575
699 478 824 529 suumn
847 477 894 525 vt.

301 622 439 682 h'erberat
465 634 553 701 atque
576 622 670 682 obiter
696 621 801 681 iaciem
825 619 901 697 linit,
927 620 1004 680 audit
1027 621 1134 680 amicas

298 705 464 768 Antiatum
486 708 584 784 pictae
605 705 696 766 vestis
722 702 890 766 considerat
913 721 1012 764 aurum

297 790 332 851 Et
353 791 464 859 caedit;
490 792 570 869 longi
594 791 700 869 relegit
720 800 887 850 transversa
911 789 1003 850 diurni

298 875 332 936 llt
356 876 470 952 caedit,
494 876 590 937 donec
612 875 700 936 lassis
724 873 931 935 caedentibus:
957 874 1020 934 exi!

298 961 411 1021 intonet
434 959 626 1036 horrendum,
650 963 704 1020 iam
728 959 896 1036 cognitione
919 967 1049 1038 peracta.
1244 969 1294 1023 485

298 1045 487 1105 Praefectura
512 1045 614 1105 domus
637 1042 736 1104 Sicula
757 1059 814 1103 non
837 1044 933 1103 mitior
957 1043 1032 1103 aula·
1182 1046 1186 1051 ’

299 1128 367 1190 llam
391 1131 417 1188 si
441 1131 589 1190 constituit
612 1129 760 1206 solitoque
785 1126 938 1188 decentius
965 1136 1048 1206 optat

299 1211 400 1273 Ornari
423 1223 453 1273 et
474 1225 616 1293 properat
639 1216 754 1292 iamque
779 1221 968 1290 exspectatur
990 1213 1018 1271 in
1040 1211 1132 1271 hortis

300 1297 355 1357 Aut
377 1298 456 1377 apud
480 1298 593 1359 isiacae
617 1299 715 1378 potius
737 1298 866 1356 sacraria
890 1296 987 1372 lenae,

299 1382 435 1460 Disponit
460 1385 586 1459 crinem,
610 1382 746 1443 laceratis
771 1382 835 1461 ipsa
861 1381 987 1460 capillis,
1245 1392 1297 1445 490

299 1465 378 1527 Nuda
405 1466 526 1527 humero
549 1467 657 1528 Psecas
680 1466 781 1526 infelix
805 1465 949 1545 nudisque
972 1466 1115 1526 mamillis.

302 1551 396 1611 Altior
418 1549 465 1610 hic
488 1570 579 1631 quare
604 1547 774 1612 cincinnus?
803 1559 904 1623 taurea
928 1551 1007 1628 punit
1075 1584 1078 1593 »

302 1632 444 1694 Gonunuo
465 1635 534 1696 flexi
559 1637 668 1696 crimen
689 1636 862 1714 facinusque
887 1634 995 1712 capilli.

301 1718 372 1793 Quid
395 1719 505 1780 Psecas
528 1718 664 1781 admisit?
687 1737 827 1799 quaenam
852 1729 898 1779 est
919 1719 966 1779 hic
990 1718 1075 1798 culpa
1099 1721 1228 1801 puellae,

301 1805 329 1864 Si
351 1803 404 1863 tibi
424 1803 572 1883 displicuit
592 1823 681 1866 nasus
703 1801 792 1864 tuus?
815 1803 907 1863 altera
930 1803 1043 1863 laevum
1244 1814 1296 1867 495

298 1885 436 1949 Extendit
459 1891 608 1970 pectitque
633 1907 731 1950 comus
757 1899 786 1949 et
809 1889 902 1948 volvit
925 1889 953 1947 iu
976 1887 1086 1948 orbem.

301 1971 350 2033 list
372 1975 401 2032 in
426 1974 549 2035 consilio
572 1983 701 2034 materna
724 1973 899 2052 admotaque
925 1971 998 2031 lanis

302 2056 425 2116 Emerita
448 2076 523 2136 quae
547 2068 646 2119 cessat
667 2076 736 2127 acu:
760 2059 904 2118 sententia
929 2060 1019 2136 prima

301 2141 385 2202 Huius
411 2144 483 2218 erit,
508 2143 671 2221 posthanc
695 2151 793 2204 aetate
816 2152 903 2221 atque
930 2151 993 2202 arte
1016 2144 1143 2204 minores

300 2223 489 2303 densabant,
511 2235 657 2307 tamquam
683 2228 776 2287 famae
802 2227 958 2287 discrimen
980 2236 1084 2306 agatur
1245 2239 1298 2290 500

300 2311 354 2371 Aut
377 2312 506 2372 animae:
531 2322 610 2373 tanta
635 2322 680 2373 est
697 2312 858 2392 quaerendi
884 2330 952 2372 eura
977 2312 1111 2374 decoris!

298 2396 352 2457 'lot
374 2397 481 2474 premit
503 2397 668 2473 ordinibus,
693 2405 737 2456 tot
759 2396 853 2458 adhuc
879 2396 1069 2475 compagibus
1092 2398 1178 2458 altum

299 2480 443 2540 Aedificat
464 2491 567 2561 caput:
591 2481 815 2542 Andromachen
838 2499 854 2541 a
878 2482 973 2541 fronte
999 2481 1127 2547 ridebis:

300 2564 365 2625 Post
387 2566 482 2625 minor
503 2575 565 2627 est:
591 2566 695 2627 credas
718 2566 813 2626 aliam.
861 2564 960 2640 (ledo,
983 2567 1008 2625 si
1031 2565 1122 2627 breve
1148 2568 1228 2645 parvi

298 2650 404 2709 Sortito
429 2659 475 2710 cst
499 2650 600 2711 lateris
623 2652 747 2730 spatium
774 2652 953 2730 breviorque
977 2650 1092 2711 videtur
1246 2661 1297 2712 505

298 2732 416 2813 Virgine
440 2733 602 2813 Pygmaea,
628 2734 715 2795 nullis
741 2737 836 2796 adiuta
862 2734 1021 2810 cothurnis,

298 2816 332 2878 Et
354 2819 431 2879 levis
455 2829 556 2881 erecta
582 2820 794 2901 consurgitlad
817 2818 920 2879 oscula
944 2820 1056 2898 planta!

336 2900 424 2962 Nulla
448 2904 502 2963 viri
526 2922 596 2964 cura
619 2906 750 2979 interea,
776 2922 832 2964 nec
855 2905 963 2963 mentio
987 2904 1037 2963 liet

298 2986 488 3047 Damnorume
513 2990 584 3048 vivit
605 2998 750 3067 tamquam
775 2989 870 3049 vicina
895 2989 998 3062 mariti,

298 3070 359 3131 lloc
382 3071 450 3131 solo
474 3074 613 3151 propior,
636 3072 715 3153 quod
738 3074 848 3133 amicos
873 3075 1005 3151 coniugis
1029 3073 1090 3133 odit
1213 3075 1215 3080 ’
1246 3082 1298 3133 sto

297 3154 332 3215 Et
356 3172 482 3233 servos,
506 3157 605 3236 gravis
630 3166 676 3217 est
700 3156 872 3217 rationibus.
919 3156 999 3217 Ecce
1023 3158 1146 3217 furentis

297 3240 437 3301 bellonae
459 3242 617 3322 matrisque
640 3241 724 3301 derum
749 3240 855 3302 chorus
868 3243 954 3302 intrat
977 3252 1006 3302 et
1030 3244 1132 3320 ingens

297 3326 439 3401 Semivir,
463 3325 596 3386 obsceno
618 3327 712 3387 facies
736 3326 898 3387 reverenda
921 3328 1034 3403 minori,

297 3409 396 3471 Alollia
409 3412 470 3490 'qui
491 3421 576 3489 rapta
599 3412 693 3471 secuit
714 3412 853 3489 genitalia
876 3421 952 3472 testa

297 3495 355 3556 lam
379 3493 509 3574 pridem,
535 3497 581 3556 cui
604 3513 693 3557 rauca
717 3496 842 3573 cohors,
867 3497 916 3559 cui
935 3506 1070 3575 tympana
1095 3493 1201 3554 cedunt
1245 3504 1296 3555 515

297 3579 415 3640 Plebeia
440 3589 470 3640 et
492 3578 618 3659 Phrygia
643 3582 766 3640 vestitur
789 3581 883 3641 bucca
908 3583 990 3641 tiara.

297 3662 413 3725 Grande
433 3674 519 3725 sonat
543 3667 691 3744 metuique
713 3665 793 3725 iubet
814 3665 996 3745 Septembris
1019 3672 1048 3722 et
1080 3664 1169 3722 austri

300 3747 478 3822 Adventum,
501 3749 558 3813 nisi
583 3767 615 3809 se
641 3760 756 3809 centum
779 3750 947 3810 lustraverit
972 3750 1036 3808 ovis
