3434 4575
369 477 394 527 Χ
751 475 961 523 PRAEFATIO.

368 637 551 704 detracturus,
561 652 621 691 eum
633 641 708 691 tanta
723 639 870 692 recentium
885 642 1029 709 poetarum
1043 642 1069 691 et
1081 642 1221 691 oratorum
1234 638 1349 692 insecta·

368 723 452 791 tone,
470 726 500 775 ut
518 721 598 774 etiam
618 720 754 775 Neronem
773 722 844 779 itlius
864 722 993 792 temporis
1013 722 1169 792 principem
1191 722 1348 792 culpaverit,

367 807 451 877 cujas
463 818 559 858 uersus
578 807 606 858 tu
621 803 759 859 Neronem
777 821 859 876 quum
880 807 918 859 ita
938 819 968 859 se
982 803 1107 859 haberet.-
1124 805 1264 859 auriculas
1278 807 1350 860 asiai

367 886 445 943 Mida
456 902 511 942 rece
524 887 617 955 habet,
630 888 658 940 iu
674 902 735 942 eum
750 889 857 943 modum
872 905 889 942 a
908 888 1039 957 Cornuto,
1054 890 1114 959 ipso
1123 889 1188 959 jam
1203 894 1257 943 tum
1274 905 1348 944 mor·

367 978 411 1028 tuo
431 968 488 1047 (sic
508 968 662 1028 Prellerus
684 968 705 1026 l.
730 989 756 1027 o.
777 990 807 1048 p.
830 970 886 1028 44:
908 968 994 1027 codd.
1015 974 1074 1043 ipso
1092 973 1294 1042 tantummodo),
1310 976 1349 1027 est

366 1057 537 1111 emendatus.-
555 1056 697 1111 auriculas
713 1058 786 1110 asiai
803 1058 863 1127 ques
878 1072 932 1111 uon
952 1055 1050 1110 tabet?
1072 1070 1107 1109 ne
1121 1056 1172 1110 troc
1186 1056 1261 1111 Nero
1276 1060 1304 1110 tn
1319 1071 1348 1110 se

367 1140 466 1195 dictum
480 1140 670 1195 arbitraretur.
702 1134 883 1216 Quanquam
906 1135 944 1195 de
964 1137 1030 1215 ipsa
1043 1136 1133 1213 hujus
1155 1136 1278 1196 fabulae
1293 1157 1347 1196 au·

367 1221 505 1280 ctoritate
521 1221 547 1279 si
564 1240 603 1280 ex
621 1238 658 1278 ea
672 1219 732 1279 fide
750 1219 982 1279 existimandum
1000 1228 1055 1293 est,
1072 1239 1151 1299 quae
1166 1220 1212 1279 illi
1233 1240 1272 1279 ex
1289 1222 1346 1280 cri·

365 1305 427 1365 tica
443 1306 508 1382 ejus
523 1303 584 1362 loci
600 1323 690 1383 quem
711 1313 829 1384 spectat
848 1304 1018 1363 conditione
1033 1303 1181 1363 accedere
1195 1304 1345 1377 videatur,

365 1387 448 1448 haud
462 1387 597 1467 profecto
612 1406 722 1465 magna
737 1388 848 1448 existet
858 1408 916 1447 nec
927 1388 1052 1446 multum
1064 1387 1159 1461 abest,
1173 1389 1246 1467 quin
1259 1388 1345 1469 quid·

367 1470 440 1554 quid
460 1473 492 1530 in
507 1471 554 1530 his
572 1470 611 1530 ad
626 1470 690 1530 Set.
711 1472 737 1530 I.
756 1468 812 1529 121
838 1472 1005 1550 pertineat,
1022 1492 1089 1530 oum
1103 1471 1294 1548 Breitingero
1318 1480 1346 1530 et

365 1558 402 1615 F.
426 1553 459 1613 O.
484 1555 522 1614 R.
545 1556 663 1614 Rittero
684 1564 829 1635 tanquam
850 1556 938 1615 scioli
959 1563 1157 1615 commentum
1190 1575 1229 1613 ex
1250 1575 1347 1634 prava

270 1652 272 1655 ·
366 1639 448 1698 illius
468 1638 530 1697 loci
551 1638 784 1718 interpolatione
803 1639 930 1718 petitum
953 1639 990 1698 ab
1012 1641 1155 1719 antiquae
1177 1640 1260 1697 vitae
1282 1659 1345 1698 cor-

365 1743 439 1803 pore
456 1721 662 1782 abscindenda
682 1732 713 1783 et
730 1723 912 1783 eliminanda
933 1742 1001 1782 esse
1025 1743 1179 1798 censeam,
1204 1723 1242 1781 of.
1259 1723 1345 1783 Leot.

365 1807 452 1867 Pers.
468 1806 510 1880 H,
524 1827 556 1885 p.
574 1807 621 1865 11.
648 1804 776 1867 Omnino
791 1807 867 1866 nihil
880 1816 932 1866 aut
948 1827 966 1866 a
980 1806 1080 1867 Persii
1093 1826 1225 1887 persona
1240 1816 1293 1865 aut
1309 1808 1346 1867 ab

364 1892 459 1970 ipsius
480 1892 592 1951 satirae
613 1890 715 1951 indole
734 1900 765 1950 et
787 1891 934 1970 dignitate
953 1892 1081 1951 alienius
1099 1891 1224 1969 cogitari
1237 1900 1346 1970 potest,

367 1976 497 2057 quamsi
516 1976 583 2055 quis
599 1975 681 2033 illius
703 1976 841 2048 aculcos,
861 1974 942 2055 quod
959 1974 1030 2034 olim
1047 1976 1078 2033 in
1094 1983 1201 2055 quarta
1214 1977 1346 2033 maxime

366 2060 473 2133 satira,
499 2079 595 2137 nuper
611 2060 701 2118 etiam
712 2060 744 2117 in
767 2060 835 2119 aliis
852 2067 1030 2137 temptatum
1055 2068 1113 2132 est,
1139 2058 1176 2117 ab
1204 2060 1347 2117 universa

365 2144 447 2202 vitae
468 2144 618 2201 humanae
640 2143 796 2201 notatione
818 2141 857 2200 ad
873 2151 954 2213 tecta
968 2143 1056 2201 unius
1072 2142 1200 2201 hominis
1215 2140 1346 2200 ludibria

366 2227 560 2308 detorqueat;
578 2244 667 2306 quem
683 2226 739 2284 etsi
755 2224 946 2284 concedimus
962 2245 1022 2284 non
1041 2224 1229 2305 reipublicae
1249 2226 1346 2302 magis

366 2330 455 2391 quam
477 2308 666 2388 corruptelae
686 2310 733 2368 sui
756 2310 872 2368 saeculi
895 2310 1061 2388 principem
1078 2319 1108 2367 et
1128 2309 1213 2368 velut
1234 2309 1345 2367 antesi-

365 2414 497 2472 gnanum
510 2394 547 2453 ab
558 2395 648 2471 hujus
663 2393 900 2471 reprehensione
915 2394 1006 2453 eximi
1019 2413 1077 2452 nec
1089 2394 1186 2472 ipsum
1200 2394 1346 2472 potuisse,

363 2474 470 2537 Persio
485 2485 587 2536 tamen
600 2497 754 2556 nunquam
769 2497 836 2536 eam
856 2478 997 2555 injuriam
1012 2478 1173 2550 faciemus,
1189 2487 1222 2536 ut
1243 2478 1346 2535 candi-

366 2561 519 2622 dissimum
533 2560 757 2621 adolescentem
767 2562 908 2621 satiricae
922 2563 1023 2640 poesis
1036 2563 1187 2639 gravitate
1203 2561 1243 2620 ad
1257 2560 1343 2620 libel·

363 2646 410 2704 los
435 2645 565 2705 famosos
589 2645 715 2704 abusum
738 2665 806 2706 esse
828 2646 1001 2726 Luciliique
1031 2655 1061 2705 et
1081 2647 1202 2705 Horatii
1223 2647 1345 2704 uomina

363 2737 582 2789 venenatorum
597 2729 725 2789 telorum
740 2729 881 2790 officinae
897 2731 1076 2809 praefixisse
1094 2730 1260 2790 credamus.

446 2814 553 2891 Longe
568 2833 641 2873 vero
656 2814 717 2873 alie
735 2833 827 2873 causa
843 2823 889 2874 est
911 2835 1013 2874 eorum
1035 2834 1113 2895 quae
1136 2814 1176 2873 ad
1195 2814 1287 2872 totius
1309 2813 1344 2871 li·

364 2895 437 2957 belli
459 2898 609 2956 fortunam
625 2907 655 2958 et
673 2899 819 2977 originem
835 2900 1019 2978 pertinentia
1036 2898 1128 2975 vulgo
1151 2895 1345 2970 antecedunt,
1387 2960 1388 2965 ἵ

363 3000 421 3040 nec
442 2981 539 3040 solum
553 2981 630 3040 illud
645 2983 711 3061 ipso
729 2985 889 3042 satirarum
902 2982 1007 3042 habitu
1024 2990 1054 3042 et
1071 2982 1215 3042 orationis
1230 2999 1345 3057 genere

364 3065 602 3124 commendatur:
618 3074 644 3124 et
663 3086 731 3125 raro
751 3077 777 3125 et
794 3071 874 3126 tarde
891 3073 1016 3141 sarepta,-
1035 3066 1090 3125 sed
1110 3066 1200 3125 etiam
1215 3084 1343 3143 sequen·

361 3149 405 3208 tia
423 3169 485 3208 non
506 3156 552 3208 est
573 3169 625 3208 cur
641 3151 673 3208 in
696 3150 911 3210 dubitationem
932 3170 1090 3210 vocemus:
1117 3152 1190 3207 huno
1206 3154 1295 3222 ipsum
1313 3152 1341 3206 li·

362 3237 441 3292 brum
460 3236 649 3308 imperfectum
670 3239 791 3309 reliquit,
806 3234 894 3294 modo
916 3236 959 3293 ita
973 3235 1051 3294 haec
1066 3232 1285 3310 intelligamus,
1302 3241 1344 3305 ut,

362 3317 388 3376 si
409 3316 520 3376 diutins
543 3317 685 3392 vixisset,
708 3319 798 3379 etiam
819 3320 923 3399 plures
955 3339 1023 3378 eum
1044 3319 1151 3378 satiras
1176 3316 1346 3376 additurum

362 3401 457 3461 fuisse
472 3410 649 3476 statuamus,
666 3423 728 3462 non
742 3411 776 3461 ut
793 3404 876 3482 ipsas
894 3423 973 3484 quae
991 3411 1112 3462 exstant
1132 3401 1222 3460 rudes
1247 3410 1277 3460 et
1291 3403 1344 3460 im-

361 3484 472 3564 politas
487 3485 605 3546 habitas
622 3507 691 3547 esse
709 3487 924 3547 existimemus.
937 3486 974 3546 Id
989 3489 1087 3567 ipsum
1102 3486 1179 3545 adeo
1196 3493 1242 3545 est
1262 3483 1343 3565 quod

361 3572 572 3645 grammaticus
586 3589 682 3630 aeratus
702 3577 803 3647 aliquot
826 3576 948 3646 demptos
961 3590 1019 3630 esse
1040 3574 1082 3631 ait
1102 3575 1192 3629 ultimo
1216 3573 1299 3640 libro,
1315 3577 1344 3626 ut

361 3657 442 3727 quasi
453 3657 546 3726 finitus
557 3665 639 3728 esset,
654 3676 752 3715 novae
771 3655 916 3716 videlicet
933 3657 1044 3716 satirae
1057 3655 1246 3735 principium,
1263 3651 1344 3733 quod

361 3755 498 3815 premere
516 3736 675 3813 Cornutus,
691 3760 781 3821 quam
798 3741 973 3800 inchoatum
987 3750 1017 3801 et
1033 3741 1173 3800 affectum
1187 3737 1344 3818 publicare

361 3820 476 3880 maluit.
505 3823 565 3880 Hic
581 3825 675 3897 enim,
691 3833 725 3883 nt
741 3824 886 3904 deinceps
899 3825 1039 3904 legimus,
1054 3833 1170 3885 mortuo
1185 3822 1291 3881 Persio
1306 3821 1342 3878 li·
