3434 4575
708 439 835 488 sauna
858 440 906 486 XV

381 581 510 643 Naturae
538 582 660 660 imperio
682 583 841 658 gemimus,
868 597 952 657 quum
975 580 1059 640 lunas
1085 583 1201 642 adultae

383 667 510 745 Virginis
533 668 662 726 occurrit
688 665 736 725 vel
759 675 837 724 terra
862 664 1007 724 clauditur
1033 666 1126 726 iulans

381 751 419 811 Et
442 753 535 810 minor
557 753 625 829 igne
648 752 713 827 rogi
722 773 728 815 ;
754 752 818 829 quis
843 749 918 809 enim
942 748 1035 808 bonus
1060 761 1088 809 et
1110 752 1175 812 lace
1200 755 1302 832 dignus
1328 766 1379 822 140

382 836 515 910 Arcana,
540 835 656 913 qualem
684 832 803 894 Cereris
826 833 889 892 vult
913 851 980 892 esse
1004 836 1157 912 sacerdos,

382 920 448 981 Ulla
472 918 568 979 aliena
589 918 645 977 sibi
671 919 764 978 credit
786 914 884 978 malai
922 918 1048 994 Separat
1071 918 1129 981 boc
1151 939 1205 980 nos

382 1004 528 1082 Agrege
551 1013 709 1078 mutorum,
734 1013 822 1082 atque
845 1002 913 1061 ideo
938 1002 1107 1062 venerabile
1130 1005 1186 1065 soli
1278 1016 1279 1019 ’
1328 1010 1330 1015 ’
1367 1003 1369 1012 ’

382 1089 482 1149 Sortiti
505 1090 650 1167 ingenium
675 1088 896 1165 divinorumque
919 1104 1045 1164 capaces

380 1174 479 1252 Atque
508 1172 683 1232 exercendis
711 1171 922 1250 capiendisque
948 1169 1058 1230 artibus
1085 1175 1145 1250 apti
1329 1191 1377 1246 145

383 1258 506 1318 Sensum
534 1276 550 1317 a
574 1256 699 1316 coelesti
725 1257 881 1315 demissum
904 1257 1042 1314 traximus
1065 1275 1145 1329 arce,

383 1341 471 1403 Guius
494 1352 583 1419 egent
605 1358 697 1420 prona
721 1349 751 1400 et
773 1350 879 1398 terram
902 1341 1074 1417 spectantia.
1115 1341 1211 1405 Mundi

382 1427 527 1505 Principio
553 1425 671 1485 indulsit
698 1425 855 1484 communis
880 1423 1013 1484 conditor
1038 1424 1094 1483 illis

382 1511 503 1571 Tantum
527 1510 654 1585 animas,
678 1509 762 1568 nobis
785 1511 908 1568 animum
931 1525 1066 1589 quoque,
1090 1521 1204 1572 mutuus
1228 1526 1261 1575 ut
1278 1537 1332 1579 nos
1368 1506 1369 1510 ¹

382 1596 515 1656 Affectus
539 1605 643 1674 petere
665 1594 801 1653 auxilium
825 1602 854 1652 et
881 1603 1032 1672 praestare
1055 1593 1180 1672 iuberet,
1325 1610 1376 1668 150

382 1680 543 1759 Dispersos
567 1678 684 1739 trabere
706 1679 734 1737 io
757 1678 912 1757 populum,
937 1679 1062 1755 migrare
1086 1689 1202 1741 vetusto

382 1763 428 1824 lle
449 1781 570 1823 nemore
593 1771 623 1822 et
646 1765 763 1842 proavis
789 1762 931 1823 habitatas
956 1761 1087 1840 linquere
1115 1764 1213 1842 silvas,

384 1849 549 1908 Aedificare
571 1847 690 1922 domos,
716 1845 826 1907 laribus
853 1848 1033 1923 coniungere
1055 1851 1162 1908 nostris

383 1931 504 1992 Tectum
525 1933 619 2008 aliud,
647 1942 725 1992 tutos
747 1932 845 1991 vicino
873 1931 969 1990 limine
992 1947 1109 1989 somnos

383 2016 421 2077 Ut
445 2017 552 2076 collata
575 2017 656 2078 daret
680 2016 801 2090 fiducia,
827 2023 987 2094 protegere
1011 2017 1097 2074 armis
1323 2009 1376 2089 *155

382 2102 505 2179 bapsum
531 2110 580 2161 aut
603 2103 711 2179 ingenti
734 2109 880 2160 nutantem
903 2100 1025 2160 vulnere
1049 2101 1151 2174 civem,
1209 2113 1211 2117 ’

382 2183 533 2249 Communi
556 2186 625 2246 dare
647 2188 731 2264 signa
754 2185 838 2260 tuba,
869 2183 1021 2243 defendier
1048 2184 1139 2244 isdem

383 2269 523 2331 Turribus
545 2281 632 2350 atque
656 2290 710 2331 una
734 2279 882 2349 portarum
909 2268 992 2329 clave
1022 2271 1122 2329 teneri.
1178 2300 1180 2304 ν
1220 2279 1222 2290 ·
1258 2293 1259 2297 ’
1293 2284 1295 2298 ’
1351 2268 1368 2290 '³

382 2355 441 2416 Sed
466 2358 520 2416 iam
546 2367 712 2434 serpentum
736 2356 827 2415 maior
850 2355 1027 2421 concordia:
1053 2358 1144 2432 parcit

383 2440 523 2517 Cognatis
546 2442 667 2500 maculis
689 2440 791 2499 similis
815 2440 897 2499 iera:
924 2438 1039 2517 quando
1064 2439 1141 2499 leoni
1297 2452 1299 2457 ’
1326 2455 1377 2510 ιω

384 2524 499 2584 Fortior
522 2526 628 2603 eripuit
649 2527 734 2584 vitam
758 2522 830 2583 leo?
856 2542 914 2602 quo
939 2540 1057 2582 nemore
1081 2514 1233 2603 umquam¹
1269 2543 1271 2559 ³

384 2608 550 2687 Exspiravit
576 2627 648 2687 aper
670 2610 788 2668 maioris
810 2607 944 2667 dentibus
969 2607 1053 2685 april
1188 2619 1189 2623 ’
1223 2618 1232 2629 ”

382 2693 479 2754 Indica
505 2696 587 2772 tigris
616 2695 676 2771 agit
698 2692 796 2752 rabida
821 2712 884 2753 cum
908 2692 1020 2770 tigride
1038 2711 1138 2770 pacem
1193 2700 1195 2703 ‘

383 2777 574 2856 Perpetuam,
602 2779 699 2837 saevis
723 2780 797 2836 inter
821 2795 854 2837 se
878 2779 1014 2837 conuenit
1032 2779 1123 2835 ursis:

384 2862 438 2921 Ast
462 2863 568 2923 bomini
590 2864 697 2921 ferrum
722 2861 811 2921 letale
834 2861 939 2921 incude
962 2861 1085 2920 nelanda
1251 2889 1253 2896 v
1314 2877 1376 2942 ¹165

383 2945 560 3007 Produxisse
588 2965 686 3025 parum
712 2956 773 3020 est,
800 2964 885 3023 quum
909 2954 1000 3004 rastra
1024 2954 1053 3005 et
1080 2948 1193 3007 sarcula
1217 2956 1322 3008 tantum

383 3031 502 3091 Assueti
527 3048 658 3109 coquere
683 3040 712 3090 et
730 3034 831 3089 marris
854 3049 891 3090 ao
913 3047 1032 3089 vomere
1059 3029 1128 3089 lassi
1156 3051 1158 3083 2
1203 3068 1204 3071 ,
1292 3052 1294 3057 ·

383 3112 549 3176 Nescierint
576 3117 656 3194 primi
680 3114 796 3193 gladios
823 3114 983 3175 extendere
1006 3113 1091 3174 fabri.

383 3201 548 3280 Aspicimus
573 3199 717 3279 populos,
742 3218 865 3279 quorum
888 3217 945 3259 non
968 3199 1076 3259 suflicit
1100 3203 1160 3259 irae

383 3282 537 3346 Occidisse
559 3284 701 3364 aliquem,
726 3286 779 3345 sed
804 3294 945 3363 pectora,
969 3283 1103 3357 brachia,
1129 3283 1236 3343 vultum
1280 3292 1282 3298 ’
1325 3292 1375 3348 170

383 3365 568 3430 crediderint
589 3388 683 3448 genus
706 3388 773 3429 esse
799 3370 872 3436 cibi;
897 3369 964 3449 quid
988 3369 1100 3428 dicaret
1127 3385 1199 3445 ergo
1244 3381 1268 3445 J

381 3452 437 3513 Vel
464 3471 522 3532 quo
549 3471 605 3513 non
629 3453 762 3531 lugeret,
787 3456 812 3513 si
837 3472 913 3513 nunc
935 3453 1009 3513 baec
1032 3458 1163 3534 monstra
1186 3452 1309 3527 videret,
1352 3442 1368 3490 1

381 3537 581 3615 Pythagoras,
608 3540 721 3598 cunctis
746 3538 915 3599 animalibus
937 3538 1074 3597 abstinuit
1095 3537 1143 3613 qui

382 3621 538 3700 Tamquam
562 3620 679 3682 homine
707 3631 736 3682 et
764 3624 859 3682 ventri
884 3620 1001 3682 indulsit
1024 3637 1080 3679 noo
1108 3636 1192 3679 omne
1216 3621 1374 3698 legumen?

774 3745 976 3755 ..a—...nnn-
