3434 4575
658 491 802 546 ‘sacrun
825 496 874 546 11.
947 485 956 509 '
1258 483 1298 547 63

310 639 379 701 Vela
400 647 501 718 tegant
521 638 627 716 rimm,
650 638 739 716 iunge
761 639 853 714 ostia,
872 636 967 698 tollite
985 635 1092 713 lumen,
1250 648 1299 702 ros

307 722 448 786 1111111111
472 722 538 785 iace
560 731 627 783 eant
648 739 764 799 omnes,
788 740 884 801 prope
907 737 993 781 nemo
1014 720 1180 782 recumbat:

306 807 389 883 Quod
412 817 508 869 tamen
531 806 567 866 ad
591 815 705 868 cantum
726 806 797 886 galli
819 806 889 868 iacit
909 805 959 866 illc
982 805 1113 882 secundi,

305 892 457 954 hommes
478 901 545 953 ante
568 891 644 951 diem
666 909 761 971 caupo
784 891 874 958 sciet;
896 890 995 950 audiet
1016 899 1140 969 atquae

305 975 462 1038 Finxernnt
479 976 590 1055 pariter
611 975 763 1051 librarius,
787 974 983 1053 archimagiri,

304 1059 475 1142 Garptores.
512 1058 599 1134 Quod
618 1060 693 1120 enim
713 1058 842 1120 dubitant
866 1075 1045 1138 componere
1069 1057 1177 1119 crimen
1249 1071 1298 1124 llo

303 1145 332 1206 111
352 1145 506 1221 dominos,
530 1146 646 1223 quoties
665 1143 829 1205 rumoribus
850 1143 1029 1204 ulciscuntur

303 1226 425 1291 baltea?
447 1247 504 1290 nec
526 1228 639 1306 deerit,
663 1230 712 1308 qni
732 1237 762 1288 te
786 1246 839 1307 per
862 1228 987 1307 compita
1012 1236 1133 1306 quaerat

304 1313 459 1377 Nolentem
482 1323 512 1375 et
534 1314 669 1374 miseram
690 1315 812 1373 vinosus
831 1311 957 1372 inebriet
983 1330 1090 1372 aurem.

303 1397 372 1459 Illos
394 1416 468 1477 ergo
488 1415 594 1475 roges,
617 1396 754 1478 quidquid
776 1397 862 1476 paulo
881 1405 948 1456 ante
969 1395 1091 1475 petebas

303 1481 324 1542 Α
348 1489 449 1551 nobis:
474 1491 592 1543 taceant
610 1482 668 1543 ilii:
692 1483 744 1542 sed
767 1481 895 1561 prodere
918 1480 1025 1542 malunt
1248 1495 1298 1548 115

302 1566 463 1643 Arcanum,
488 1585 572 1646 quam
597 1565 728 1647 subrepti
751 1575 854 1646 potare
877 1563 994 1626 Falerni

303 1649 356 1712 Pro
381 1651 495 1732 popolo
518 1651 630 1712 iaciens
654 1660 789 1730 quantum
813 1648 931 1709 Saufeia
953 1648 1080 1709 bibebat.

303 1733 463 1796 vivendum
490 1744 655 1810 recteest,
685 1754 771 1814 quom
794 1742 917 1814 propter
938 1733 1076 1812 plurima,
1100 1740 1157 1793 tum
1181 1733 1229 1796 vei

302 1817 415 1881 idcirco
438 1829 468 1880 ot
491 1820 590 1898 possis
615 1818 740 1898 linguam
761 1826 949 1878 contemnere
973 1818 1061 1878 servi.

305 1901 466 1984 Praecipue
492 1921 564 1965 cave
588 1906 644 1979 sis,
667 1913 698 1963 ut
718 1903 833 1981 linguas
854 1902 1063 1980 mancipiorum
1247 1915 1296 1968 luo

304 1984 496 2056 Contemnas;
523 2005 587 2048 nam
609 1988 707 2066 lingua
729 1987 796 2048 muli
816 2004 887 2066 pars
909 1987 1036 2064 pessima
1062 1987 1155 2052 serub

303 2069 439 2134 Deterior
462 2081 557 2133 tamen
578 2071 642 2148 hic,
665 2073 712 2151 qui
736 2071 812 2132 liber
833 2087 891 2131 non
916 2073 970 2130 erit
992 2069 1060 2145 illis,

302 2153 431 2229 Quorum
455 2158 564 2217 animas
586 2166 616 2217 ct
640 2155 718 2216 farre
740 2173 794 2216 suo
819 2155 946 2216 custodit
969 2164 999 2215 et
1020 2171 1100 2215 aere.

342 2240 446 2317 „Utile
469 2241 620 2302 consilinm
645 2240 748 2317 modo,
771 2240 824 2302 sed
851 2256 1017 2316 commune,
1042 2238 1162 2301 dedisti:

301 2323 381 2387 iinno
398 2326 467 2386 mihi
484 2324 552 2406 quid
568 2325 675 2386 suades
694 2334 761 2404 post
777 2326 910 2385 damnum
927 2325 1067 2404 temporis
1084 2332 1113 2384 et
1130 2342 1200 2403 spes
1245 2334 1295 2389 12¹>

302 2407 473 2489 Deceptae?
494 2410 612 2470 festinat
630 2411 704 2470 enim
725 2411 885 2471 decurrere
905 2408 995 2469 velox

301 2491 454 2555 Floscolns
478 2504 619 2573 angustae
642 2495 827 2573 miseraeque
850 2494 1023 2554 brevissima
1045 2494 1123 2554 vitae

301 2577 412 2648 Portio;
435 2578 502 2639 dum
523 2578 665 2654 bibimus,
687 2579 752 2639 dnm
777 2588 872 2655 serta,
896 2586 1060 2656 unguenta,
1083 2577 1197 2657 puellas

301 2661 466 2738 domimus,
490 2662 607 2743 obrepit
630 2680 688 2722 non
706 2663 856 2723 intellecta
879 2666 1052 2723 senectus.“

299 2744 340 2807 Ne
363 2747 496 2825 trepida:
520 2766 672 2827 numquam
693 2746 826 2825 pathicus
847 2746 899 2806 tibi
918 2745 1013 2806 deerit
1035 2747 1154 2824 amicos,
1244 2756 1294 2811 130

299 2830 445 2892 Stantibns
468 2840 498 2892 et
519 2832 609 2893 salvis
632 2831 676 2891 his
700 2831 841 2898 collibns;
866 2830 992 2910 undique
1014 2832 1050 2892 ad
1073 2830 1139 2891 illos

300 2912 481 2976 Conuenient
503 2926 532 2977 ct
559 2917 706 2995 carpentis
728 2924 757 2977 et
779 2914 900 2975 navibus
924 2933 1035 2989 omnes,

300 2997 353 3073 Qui
376 2998 467 3078 digito
488 3000 623 3078 scalpunt
646 3017 703 3059 uno
727 3009 823 3080 caput.
859 2999 961 3060 Altera
981 3001 1073 3060 maior

299 3084 373 3163 Spes
395 3094 547 3163 superest:
571 3093 601 3144 tu
620 3092 727 3144 tantum
750 3084 847 3145 erucis
870 3085 1000 3164 imprime
1021 3084 1145 3145 dentem.

300 3167 404 3240 „ilaec
425 3168 560 3248 exempla
585 3185 656 3246 para
679 3168 831 3235 felicibus:
855 3178 884 3229 at
906 3187 969 3228 mea
994 3165 1102 3228 Clotho
1243 3176 1291 3230 135

301 3249 335 3312 111
357 3250 498 3312 Lachesis
525 3253 668 3330 gaudent,
697 3255 722 3313 si
747 3254 877 3333 pasoitur
899 3254 1017 3331 inguine
1042 3260 1155 3312 venter.

300 3333 426 3415 dparvi
450 3338 600 3416 nostrique
621 3335 727 3413 Lares,
753 3355 828 3415 quos
847 3346 911 3397 ture
934 3338 1040 3397 minuto

301 3418 356 3479 hut
380 3420 458 3480 farre
485 3429 514 3481 et
536 3422 614 3482 tenui
639 3422 725 3482 soleo
748 3439 874 3482 exorare
898 3438 1018 3497 corona,

300 3500 421 3576 Quando
445 3522 502 3583 ego
525 3505 609 3584 dgam
633 3505 758 3585 aliquid,
780 3524 838 3585 quo
862 3508 899 3566 sit
919 3504 988 3565 mihi
1009 3513 1068 3564 tuta
1091 3510 1230 3563 senectus
1318 3509 1321 3513 ’

301 3587 323 3646 h
346 3596 446 3666 tegete
470 3598 499 3649 et
521 3588 650 3650 baculo?
671 3592 773 3669 viginti
794 3590 870 3650 milia
907 3590 991 3650 ianus
1239 3596 1290 3653 140

300 3670 469 3750 Pigneribos
493 3675 615 3752 positis,
634 3677 747 3753 argenti
769 3674 888 3735 vascula
910 3674 984 3752 puri,

301 3755 357 3825 Sed
376 3776 451 3845 quae
472 3757 622 3830 Fabricios
643 3777 750 3825 ccusor
772 3769 869 3833 notet,
898 3768 927 3819 et
951 3757 1008 3820 duo
1031 3756 1124 3819 fortes
