3434 4575
536 458 878 521 EPIGRAMMATON
891 459 965 522 LlB.
980 458 1029 521 ΙΙΙ,
1261 459 1303 524 73

345 614 411 672 Nec
426 613 510 672 venit
524 613 623 671 inanis
638 613 770 670 rusticus
787 609 953 669 salutator:

344 697 423 756 Fert
438 695 493 756 ille
509 697 590 754 ceris
607 714 681 754 cana
697 714 765 753 oum
784 695 847 753 suis
863 691 957 751 mella

303 789 336 841 35
345 781 524 857 Metamque
538 778 629 838 lactis
645 778 801 837 Sassinate
817 776 857 836 de
874 776 967 850 silva;

346 861 576 922 Somniculosos
594 860 651 921 ille
665 862 799 940 porrigit
811 859 925 938 glires,

344 948 405 1007 Hic
418 947 591 1025 vagientem
605 946 712 1004 matris
726 942 868 1022 hispidae
882 943 999 1020 fetum,

346 1028 435 1089 Alius
451 1036 573 1089 coactos
587 1048 650 1088 non
665 1046 767 1087 amare
784 1045 927 1107 capones.

344 1115 386 1173 nt
401 1114 479 1173 dona
494 1119 624 1172 matrum
638 1112 750 1171 vimine
765 1111 902 1171 offerunt
914 1114 1000 1170 texto

302 1197 488 1260 40Grandes
502 1198 670 1277 proborum
683 1197 819 1277 virgines
833 1193 1023 1256 colonorum.

345 1281 441 1340 Facto
456 1290 583 1340 vocatur
596 1280 697 1340 laetus
712 1296 808 1358 opere
822 1279 958 1352 vicinus3

346 1364 412 1423 Nee
427 1384 515 1423 avara
530 1369 633 1423 servat
647 1364 796 1422 crastinas
812 1360 907 1440 dapes
925 1379 1046 1438 mensa,

345 1448 523 1509 Vescuntur
537 1465 644 1506 omnes
659 1447 809 1524 ebrioque
824 1463 888 1504 non
901 1446 988 1504 novit

347 1531 439 1589 Satur
454 1532 596 1590 minister
608 1530 750 1589 inridere
765 1530 920 1591 convivae.

302 1615 386 1675 rant
401 1619 435 1672 tu
450 1616 506 1673 sub
521 1616 599 1673 urbe
613 1610 756 1692 possides
770 1612 884 1672 famem
899 1609 1042 1670 mundam

345 1698 388 1757 Et
400 1703 488 1757 turre
504 1699 541 1758 ab
558 1696 621 1757 alta
633 1697 787 1776 prospicis
803 1713 905 1754 meras
920 1693 1042 1773 laurus,

343 1783 459 1840 Furem
472 1782 585 1860 Priapo
600 1800 663 1839 non
677 1781 807 1839 timente
824 1796 968 1852 securus3

346 1866 388 1926 Et
401 1866 565 1925 vinitorem
577 1866 663 1923 farre
677 1863 778 1943 pascis
794 1864 912 1922 urbano

345 1949 525 2027 Pictamque
540 1955 646 2029 portas
661 1949 779 2006 otiosus
795 1945 833 2005 ad
848 1943 952 2004 villam

302 2031 438 2109 soclus,
460 2053 532 2110 ova,
553 2031 670 2111 pullos,
691 2051 797 2110 poma,
819 2047 959 2106 caseum,
974 2033 1115 2090 mustum.

345 2116 409 2175 Rus
423 2117 482 2175 hoc
495 2117 598 2176 vocari
614 2114 726 2192 debet,
748 2111 786 2174 an
801 2112 909 2173 domus
921 2113 1037 2191 longe?

740 2227 816 2292 LIX.

348 2329 442 2388 Sutor
460 2327 554 2388 cerdo
571 2326 659 2387 dedit
671 2329 746 2405 tibi,
768 2325 850 2388 culta
864 2326 1019 2403 Bononia,
1038 2344 1164 2403 munus,

386 2410 479 2473 Fullo
496 2410 583 2472 dedit
596 2412 754 2473 Mutinae:
777 2429 858 2470 nunc
876 2410 929 2470 ubi
945 2428 1022 2491 copo
1038 2408 1146 2469 dabit?

753 2545 817 2606 Lx.

348 2642 425 2702 Cum
438 2660 532 2701 vocer
547 2642 585 2701 ad
597 2660 704 2701 cenam
715 2661 778 2701 non
794 2643 853 2701 iam
870 2641 986 2703 venalis
1000 2646 1035 2700 ut
1050 2647 1137 2719 ante,

389 2726 453 2786 Cur
466 2727 542 2785 mihi
556 2745 617 2785 non
633 2725 758 2803 eadem,
781 2744 859 2804 quae
873 2728 947 2805 tibi,
968 2744 1044 2785 cena
1059 2724 1171 2785 datur?

347 2810 459 2868 Ostrea
472 2816 506 2868 tu
521 2812 615 2869 sumis
630 2817 737 2887 stagno
753 2816 889 2870 saturata
906 2810 1058 2888 Lucrino,

390 2892 516 2970 Sugitur
529 2895 627 2953 inciso
643 2892 766 2953 mitulus
781 2912 836 2954 ore
851 2894 935 2953 mihi.

322 2976 426 3037 tSunt
440 2978 501 3035 tibi
511 2975 627 3054 boleti,
645 2977 756 3055 fungos
772 2996 829 3056 ego
843 2997 929 3037 sumo
944 2976 1067 3037 suillos:

387 3060 450 3118 Res
463 3061 521 3119 tibi
536 3072 603 3120 oum
618 3062 747 3120 rhombo
764 3067 829 3138 est,
851 3067 883 3120 at
897 3062 972 3120 mihi
987 3080 1055 3120 cum
1069 3059 1205 3141 sparulo.

346 3143 468 3202 Aureus
482 3145 654 3204 immodicis
670 3149 773 3204 turtur
787 3151 820 3205 te
836 3143 978 3205 clunibus
992 3144 1117 3226 implet,

386 3227 517 3288 Ponitur
531 3231 564 3289 in
579 3248 670 3288 cavea
684 3235 803 3289 mortua
816 3231 886 3308 pica
900 3230 983 3289 mihi.

346 3310 410 3370 Gur
424 3312 491 3371 sine
505 3319 538 3372 te
554 3331 648 3390 ceno,
670 3333 738 3372 cum
752 3320 871 3391 tecum,
893 3312 1040 3388 Pontice,
1062 3308 1193 3370 cenem?

304 3406 338 3457 lo
386 3395 531 3475 Sportula
546 3396 628 3475 quod
642 3415 705 3456 non
719 3403 784 3474 est,
804 3398 921 3477 prosit:
942 3395 1067 3479 edamus
1080 3391 1173 3457 idem.

744 3510 822 3572 Lxl.

346 3608 425 3666 asse
440 3606 611 3668 annana
626 3607 892 3688 quidquamne,
912 3606 1182 3687 improtectum:
1229 3560 1237 3572 ’

391 3691 425 3751 Si
440 3691 502 3771 nil,
518 3693 633 3771 Cinna,
648 3693 747 3772 petis,
765 3692 811 3753 nil
825 3694 899 3769 tibi,
924 3693 1038 3768 Cinna,
1059 3709 1150 3771 nego.
