3434 4575
434 475 472 538 82
761 485 797 534 n.
820 485 892 535 run.
915 484 1103 534 ruvnnums

433 631 470 691 Et
492 647 642 709 numquam
661 628 734 688 visis
755 629 873 707 triginta
897 627 975 687 olara
999 625 1142 687 mamillis.

433 714 560 775 Tandem
582 714 667 772 intrat
686 713 798 790 positas
821 711 932 772 inclusa
953 729 1008 790 per
1029 728 1159 790 aequora
1182 713 1275 772 moles

366 860 370 867 ,
433 798 671 877 Tyrrhenamque
692 796 804 876 plraron
826 804 1023 875 porrectaque
1047 795 1165 857 brachia
1188 816 1311 873 rursum,

434 884 516 958 Quae
538 881 646 960 pelago
669 891 825 941 occurrunt
845 880 940 940 medio
963 880 1112 960 longeque
1135 882 1300 961 relinquunt

435 968 544 1028 ltaliam
563 967 642 1045 (non
666 967 710 1026 sio
732 966 820 1043 igitur
838 965 985 1026 mirabere
1005 974 1119 1043 portus,

434 1051 514 1126 Quos
537 1059 635 1110 natura
657 1050 774 1130 dedit)余
797 1051 849 1110 sed
872 1057 972 1110 trunca
996 1067 1095 1128 puppe
1116 1052 1255 1128 magister

432 1136 573 1196 interiora
595 1136 668 1213 petit
690 1134 813 1194 Baianae
833 1135 934 1213 pervia
959 1134 1092 1210 cymbae,

433 1219 498 1280 'luti
521 1229 622 1298 stagna
645 1220 741 1293 sinus,
763 1218 891 1297 gaudent
913 1218 960 1278 ubi
984 1220 1097 1278 vertice
1119 1236 1186 1278 raso

315 1352 318 1357 .
434 1305 554 1365 Garrula
576 1304 673 1363 seouri
696 1321 814 1363 narrare
832 1303 964 1381 pericula
986 1313 1099 1363 nautae.

476 1389 518 1449 lte
538 1389 642 1466 igitur,
665 1388 768 1467 pueri,
790 1387 897 1465 linguis
920 1389 1080 1466 animisque
1103 1388 1247 1461 faventes,

434 1475 578 1553 Sertaque
602 1471 731 1531 delubris
754 1481 783 1531 et
802 1471 878 1531 iarra
902 1471 1040 1550 imponite
1062 1473 1162 1531 cultris

435 1557 479 1618 de
499 1555 606 1616 molles
627 1565 727 1616 ornate
751 1556 835 1616 locos
858 1556 1035 1635 glebamque
1059 1557 1212 1616 virentem!

434 1642 492 1703 lam
515 1658 623 1718 sequar
646 1650 676 1700 et
698 1657 800 1716 sauro,
819 1641 898 1722 qnod
920 1650 1067 1719 praestat,
1086 1641 1141 1700 rite
1165 1649 1285 1719 peraeto

433 1725 502 1786 lude
526 1725 640 1786 domum
663 1732 811 1804 repetam,
830 1724 959 1802 graciles
981 1724 1029 1784 ubi
1052 1743 1141 1803 parva
1165 1742 1290 1786 ooronas

433 1810 589 1888 Accipiunt
610 1808 706 1887 fragili
729 1809 883 1871 simulacra
904 1810 1023 1870 nitentia
1043 1827 1121 1869 oern.

433 1894 487 1955 Hie
507 1903 636 1953 uostmm
658 1893 785 1973 plaeabo
805 1893 906 1953 lovem
927 1893 1107 1971 Laribusque
1130 1895 1260 1972 paternis

433 1979 508 2039 Tura
531 1979 607 2038 dabo
630 1989 717 2057 atque
740 1995 842 2038 omnes
864 1979 961 2039 uiolae
984 1978 1099 2038 iactabo
1121 1979 1249 2039 oolures.

435 2063 545 2124 Cuncta
568 2063 672 2128 nitent:
692 2063 798 2142 longos
822 2064 918 2123 erexit
937 2065 1020 2122 ianua
1043 2079 1140 2124 ramos

434 2148 471 2209 Et
492 2148 635 2208 matutinis
655 2157 795 2225 operatur
817 2148 893 2207 festa
913 2147 1051 2206 lucernis.

433 2230 497 2293 Neo
520 2241 656 2311 suspecta
680 2230 731 2291 tibi
754 2233 809 2291 sint
829 2230 919 2307 bueo,
944 2228 1086 2292 corvine:
1111 2229 1251 2295 Catullus.

434 2317 489 2377 Pro
511 2317 591 2376 euius
613 2316 708 2377 reditu
729 2325 772 2376 tot
794 2334 872 2395 pono
896 2315 1008 2392 altaria,
1032 2334 1141 2395 parvos

434 2400 509 2462 Tres
530 2400 619 2461 babet
640 2400 777 2461 heredes.
823 2400 907 2460 Libet
928 2411 1122 2479 exspectare,
1147 2403 1211 2482 quis
1229 2422 1348 2481 aegram
1391 2413 1428 2468 95

434 2484 470 2546 Et
492 2484 674 2546 claudentem
698 2485 801 2546 oeulos
823 2485 959 2563 gallinam
981 2486 1128 2564 impendat
1149 2488 1242 2548 amieo

433 2569 503 2630 'lam
520 2568 613 2630 sterili
620 2591 627 2638 余
648 2587 749 2630 verum
769 2570 843 2631 baeo
864 2572 950 2631 nimia
972 2572 1184 2649 estimpensa:
1209 2574 1341 2634 coturnix

433 2652 518 2714 Nulla
538 2672 670 2733 umquam
691 2671 746 2734 pro
768 2665 852 2734 patre
872 2654 966 2715 cadet.
1011 2655 1126 2716 Sentire
1149 2658 1277 2717 calorem

433 2739 463 2798 Si
484 2740 583 2817 eoepit
605 2738 741 2818 loeuples
763 2738 879 2801 Gallitta
902 2749 931 2799 et
953 2740 1074 2800 Pacuius
1097 2740 1171 2816 orbi,

434 2822 573 2901 legitime
597 2822 662 2882 lixis
683 2825 806 2884 vestitur
829 2834 889 2885 totu
910 2824 1019 2886 libellis
1376 2838 1427 2891 luo

433 2907 583 2982 Pontinus,
607 2910 751 2968 exsistunt
773 2909 821 2988 qui
844 2910 1013 2988 promittant
1034 2908 1245 2977 hecatomben余

433 2991 582 3074 Quatenus
604 2990 651 3050 lrio
671 3011 728 3052 nun
748 3003 813 3052 sunt
834 3013 891 3054 nee
913 2994 1036 3054 venales
1058 2993 1216 3073 elephanti,

432 3074 496 3135 Nee
517 3074 597 3135 Latio
621 3080 669 3135 aut
691 3095 811 3156 usquam
833 3078 887 3137 sub
910 3088 1009 3138 nostro
1037 3079 1135 3140 sidere
1157 3079 1223 3139 talis

432 3159 532 3220 bellua
556 3161 736 3237 coneipitur,
761 3161 813 3221 sed
836 3161 918 3223 furva
938 3172 1028 3240 geute
1053 3165 1145 3242 petita

433 3244 595 3305 Arboribus
619 3242 730 3304 Rutulis
753 3254 782 3305 et
803 3245 891 3306 Turni
913 3248 1043 3326 pasoitur
1061 3264 1145 3325 agro,
1376 3260 1425 3311 loo

433 3324 569 3389 Caesaris
591 3340 766 3403 armentum,
788 3329 858 3390 nulli
881 3332 992 3391 servire
1015 3341 1144 3410 paratum

433 3412 561 3479 Privato余
585 3414 727 3492 siquidem
750 3413 839 3491 Tyrio
859 3433 965 3493 parere
990 3416 1124 3476 solebant

432 3496 583 3558 Hannibali
606 3508 634 3558 et
652 3500 759 3559 uostris
782 3499 903 3559 duoibus
922 3502 1045 3579 regique
1068 3499 1200 3561 lllolossu

398 3661 400 3664 v
432 3579 538 3641 Horum
561 3582 688 3643 maiores
707 3602 742 3644 ae
764 3583 853 3644 dorso
877 3585 957 3644 ierne
981 3584 1121 3645 eohortes

433 3664 546 3726 Partem
566 3666 692 3745 aliquam
711 3666 841 3749 bellique
863 3679 892 3730 et
915 3678 1030 3729 euntem
1050 3672 1077 3730 in
1097 3669 1208 3748 proelia
1226 3680 1344 3731 turrem.
1373 3681 1423 3734 lio

432 3746 516 3812 Nulla
534 3751 621 3827 igitur
643 3769 723 3813 mora
743 3772 798 3833 per
818 3751 958 3832 Novium,
981 3772 1061 3816 mora
1085 3755 1162 3819 nulla
1184 3774 1237 3853 per
1255 3754 1381 3833 Histrum
