3434 4575
702 469 829 517 sauma
851 470 902 517 111.

302 610 395 690 itque
421 609 523 670 obiter
547 609 627 687 leget
650 620 699 671 aut
719 609 830 670 scribet
852 609 901 670 vel
924 610 1049 671 dormiet
1071 613 1161 682 intus;

302 695 432 775 Namque
456 694 528 755 facit
549 712 680 755 somnum
696 695 797 773 clausa
817 695 923 756 lectica
945 697 1085 756 fenestra.

303 780 373 840 lnte
397 789 497 840 tamen
517 780 630 840 veniet:
653 779 737 839 nobis
761 780 986 859 properantibus
1009 780 1106 842 obstat

303 864 381 926 Unda
404 865 506 943 prior,
529 881 636 942 magno
659 863 787 944 populus
810 867 916 943 premit
936 866 1051 944 agmine
1072 866 1197 937 lumbos,

303 949 354 1023 Qui
375 949 525 1028 sequitur:
547 948 616 1009 ferit
637 948 685 1010 bic
705 948 821 1026 cubito,
842 950 911 1010 ferit
934 968 1036 1011 assere
1059 950 1131 1012 duro
1247 962 1300 1018 245

304 1033 401 1109 Alter,
424 1042 455 1094 at
475 1032 524 1093 bic
546 1035 655 1112 tignum
675 1034 762 1112 capiti
782 1034 900 1109 incutit,
920 1033 972 1095 ille
995 1044 1155 1100 metretam.

304 1118 422 1196 Pinguia
444 1135 531 1179 crura
554 1116 630 1186 luto;
655 1117 753 1197 planta
772 1135 840 1178 mox
863 1119 989 1198 undique
1009 1137 1112 1197 magna

303 1201 410 1263 calcor
430 1209 460 1262 et
480 1202 509 1261 iu
530 1201 622 1281 digito
646 1201 748 1263 clarus
769 1202 837 1262 mibi
858 1202 956 1264 militis
978 1203 1092 1265 haeret.

303 1286 404 1346 Nonne
426 1285 527 1362 vides,
550 1296 657 1366 quanto
682 1285 850 1347 celebretur
872 1287 1004 1366 sportula
1025 1285 1126 1348 fumo?

303 1369 425 1431 Centum
447 1371 610 1449 convivae,
632 1372 766 1450 sequitur
782 1390 834 1431 sua
857 1389 1002 1451 quemque
1025 1373 1130 1434 culina.
1247 1385 1299 1439 25⁰

302 1453 432 1516 Corbulo
455 1455 505 1515 vix
526 1455 618 1516 ferret
641 1464 684 1514 tot
707 1472 777 1515 vasa
799 1456 944 1534 iugentia,
967 1465 1010 1516 tot
1032 1476 1080 1517 res

301 1538 455 1619 impositas
477 1540 581 1618 capiti,
606 1558 679 1620 quas
702 1549 785 1600 recto
807 1541 920 1602 vertice
943 1550 1040 1619 portat
1204 1535 1207 1542 ’

301 1623 442 1686 servulos
464 1623 566 1685 infelix
588 1633 618 1684 et
638 1643 726 1685 cursu
750 1624 871 1685 ventilat
891 1626 996 1704 ignem.

301 1708 478 1769 Scinduntor
496 1709 612 1769 tunicae
633 1718 732 1770 sartae
754 1709 858 1777 modo;
884 1709 970 1788 longa
994 1721 1131 1771 coruscat

300 1795 425 1855 Serreco
449 1794 585 1854 veniente
606 1793 706 1867 abies,
730 1802 818 1872 atque
839 1793 933 1856 altera
953 1796 1050 1873 pinum
1246 1809 1298 1864 255

301 1877 431 1939 Plaustra
453 1877 576 1946 vehunt;
599 1887 700 1939 nutant
721 1876 780 1939 alte
798 1878 970 1957 populoque
993 1879 1145 1939 minantur.

300 1961 369 2023 llam
392 1963 419 2021 si
442 1961 613 2041 procubuit,
637 1963 686 2041 qui
708 1980 779 2023 saxa
802 1961 949 2039 Ligustica
972 1971 1071 2041 portat

301 2047 389 2123 axis,
416 2055 446 2106 et
469 2064 602 2107 eversum
625 2046 698 2107 indit
720 2065 810 2125 super
832 2048 945 2125 agmina
967 2055 1105 2124 montem,

301 2130 373 2205 Quid
397 2140 537 2210 superest
558 2130 595 2191 de
615 2127 811 2211 corporibus?
834 2133 899 2209 quis
918 2131 1062 2209 membra,
1082 2134 1146 2211 quis
1170 2150 1238 2194 ossa

300 2213 434 2275 lurenit'l
461 2214 598 2298 obtritum
619 2215 699 2294 vulgi
721 2216 797 2295 perit
819 2233 904 2276 omne
928 2216 1056 2277 cadaver
1245 2229 1297 2284 260

299 2300 380 2362 llore
402 2300 530 2371 auimae;
552 2300 655 2361 domus
677 2302 790 2361 interea
811 2319 918 2362 secura
940 2300 1066 2381 patellas

298 2384 354 2447 lam
377 2385 458 2446 lavat
480 2395 510 2445 et
531 2384 625 2446 bucca
648 2385 776 2445 foculum
800 2388 910 2446 excitat
931 2395 960 2446 et
983 2395 1069 2447 sonat
1091 2388 1184 2448 unctis
1256 2425 1262 2434 ι

298 2469 455 2549 striglibus
479 2479 509 2530 et
531 2469 619 2548 pleno
643 2470 792 2548 componit
812 2470 902 2532 lintea
923 2471 1023 2549 gutto!

298 2548 377 2615 llaec
399 2555 476 2614 inter
496 2553 605 2633 pueros
628 2555 709 2615 varie
731 2564 940 2633 properantur:
964 2564 993 2615 at
1014 2554 1065 2617 ille

297 2638 354 2699 lam
372 2638 460 2699 sedet
481 2640 510 2699 in
532 2640 594 2717 ripa
618 2647 783 2717 tetrumque
806 2639 938 2699 novicius
961 2638 1063 2700 horret
1244 2654 1295 2709 265

298 2722 467 2798 l’ortbmea,
490 2741 546 2784 neo
569 2732 670 2802 sperat
694 2725 815 2783 coenosi
837 2724 962 2802 gurgitis
984 2723 1080 2785 alnum

298 2806 422 2882 Infelix,
446 2825 501 2867 uec
524 2806 612 2869 babet
635 2826 721 2887 quern
744 2809 876 2887 porrigat
896 2824 948 2867 ore
968 2809 1113 2868 trientem.

338 2890 469 2970 Respice
488 2910 565 2952 nnnc
587 2893 643 2952 alia
666 2911 701 2953 ac
723 2894 839 2955 diversa
862 2893 993 2971 pericula
1016 2895 1126 2954 noctis:

297 2973 382 3049 Quod
406 2976 531 3055 spatium
552 2978 639 3037 tectis
661 2976 849 3053 sublimibus,
877 2976 953 3037 unde
976 2976 1128 3039 cerebrum

297 3058 385 3121 Testa
408 3060 492 3136 ierit,
518 3061 634 3139 quoties
657 3061 765 3122 rimosa
782 3071 811 3122 et
833 3070 914 3121 curta
937 3062 1075 3123 fenestris
1242 3075 1295 3129 270

297 3144 373 3205 Vasa
396 3144 517 3213 cadunt;
539 3155 647 3223 quanto
668 3163 840 3223 percussum
863 3146 995 3225 pondere
1018 3148 1134 3226 signent

298 3227 333 3290 lit
350 3229 466 3291 laedant
484 3228 607 3289 silicem.
653 3229 753 3290 Possis
775 3231 897 3308 ignavus
921 3230 1021 3291 baberi

298 3312 333 3373 lit
354 3314 442 3375 subiti
465 3330 551 3374 casus
574 3313 769 3392 improvidus,
792 3315 828 3376 ad
852 3332 974 3376 coenam
995 3317 1019 3375 si
1134 3313 1138 3322 '

296 3396 452 3459 lntestatns
472 3415 539 3467 eas;
563 3398 637 3458 adeo
660 3407 703 3458 tot
725 3398 800 3475 fata,
825 3409 896 3478 quot
919 3400 969 3462 illa

297 3481 390 3544 Nocte
408 3491 509 3561 patent
530 3482 637 3561 vigiles
660 3491 689 3543 te
710 3493 917 3561 praetereunte
940 3485 1098 3547 fenestrae.
1240 3492 1293 3549 tit

297 3565 376 3646 Ergo
397 3576 483 3646 optes
505 3575 663 3647 votumque
685 3566 766 3627 feras
785 3567 954 3630 miserabile
975 3579 1082 3645 tecum,

298 3650 333 3711 llt
353 3652 410 3712 sint
430 3660 587 3712 contentae
610 3652 724 3730 patulas
747 3651 908 3714 defundere
931 3653 1045 3732 pelves.

299 3733 399 3796 Ebrius
422 3753 458 3797 ac
477 3735 629 3814 petulans,
653 3736 701 3814 qui
723 3736 832 3797 nullum
853 3739 930 3799 forte
952 3737 1068 3813 cecidit,

337 3839 391 3881 nov.
408 3841 471 3882 sur.
1093 3832 1110 3885 t
