3434 4575
404 465 468 530 212
729 464 774 526 Μ.
790 464 880 527 VAL.
896 463 1124 526 MAR'l‘lALlS

901 617 961 677 LII.

488 737 522 797 Si
541 735 643 795 credis
658 736 749 814 mihi,
772 737 903 813 Quinte,
925 733 1008 812 quod
1022 735 1173 812 mereris,

487 819 630 897 Natales,
650 819 758 898 Ovidi,
781 827 847 879 tuas
862 819 988 898 Apriles

487 905 531 965 Ut
544 911 666 964 nostras
681 922 746 962 amo
761 904 891 963 Martias
905 901 1067 962 Kalendas.

487 987 579 1049 Felix
593 994 722 1066 utraque
736 987 790 1046 lux
806 986 936 1065 diesque
950 988 1039 1046 nobis

466 1070 639 1151 5Signandi
653 1069 834 1130 melioribus
848 1069 980 1149 lapillis!

490 1157 550 1216 Hic
565 1157 656 1215 vitam
673 1157 799 1234 tribuit,
821 1153 942 1214 sedhic
958 1155 1095 1213 amicum.

489 1240 563 1300 Plus
578 1238 669 1317 dant,
692 1240 824 1318 Quinte,
847 1239 922 1298 milri
937 1244 1008 1297 tuae
1024 1235 1190 1300 Kalendae.

891 1371 967 1435 Llll.

488 1486 592 1546 Natali
606 1486 679 1562 tibi,
704 1485 835 1560 Quinte,
854 1490 906 1543 tuo
924 1483 998 1543 dare
1012 1503 1106 1563 parva
1121 1481 1264 1543 volebam

531 1571 679 1643 Munera3
702 1575 735 1626 tu
749 1568 912 1646 prohibes:
933 1568 1118 1647 imperiosus
1132 1567 1225 1626 homo
1241 1585 1286 1629 es.

488 1651 663 1714 Parendum
679 1659 727 1711 est
740 1653 881 1728 monitis,
902 1653 955 1710 fiat
971 1650 1054 1729 quod
1069 1659 1201 1729 uterque
1216 1649 1358 1713 volemus

531 1739 574 1798 Et
588 1735 671 1816 quod
686 1744 849 1815 utrumque
864 1737 961 1795 iurat:
982 1747 1015 1794 tu
1030 1735 1122 1811 mihi,
1142 1735 1274 1812 Quinte,
1298 1736 1386 1802 dato.

883 1869 961 1931 LIV.

491 1968 525 2028 Si
539 1970 615 2028 mihi
629 1969 745 2028 Picena
759 1967 868 2027 turdus
883 1965 1020 2048 palleret
1037 1964 1132 2043 oliva,

532 2052 696 2112 Tenderet
711 2057 763 2111 aut
777 2059 898 2111 nostras
913 2049 988 2110 silva
1003 2050 1115 2110 Sabina
1130 2047 1253 2128 plagas3

492 2136 555 2195 Aut
570 2141 733 2196 crescente
748 2135 825 2195 levis
840 2135 1019 2195 traheretur
1033 2130 1182 2193 arundine
1197 2133 1319 2213 praeda

532 2218 659 2298 Pinguis
674 2225 707 2277 et
721 2216 886 2298 implicitas
900 2219 984 2297 virga
997 2223 1122 2277 teneret
1137 2234 1223 2277 aves:

469 2304 589 2381 ocare,
613 2304 701 2362 daret
714 2302 867 2362 sollemne
880 2303 937 2361 tibi
952 2304 1093 2380 cognatio
1108 2320 1234 2381 munus,

532 2386 596 2446 Nec
611 2388 710 2447 frater
723 2388 829 2464 nobis,
851 2404 909 2446 nec
923 2388 1010 2465 prior
1025 2392 1109 2446 esset
1123 2405 1203 2445 avus.

490 2469 578 2530 Nunc
593 2477 716 2531 sturnos
732 2471 840 2551 inopes
853 2470 1122 2549 fringillorumque
1138 2469 1300 2547 querellas

533 2554 628 2614 Audit
643 2562 675 2614 et
690 2561 797 2633 arguto
813 2572 940 2635 passere
955 2559 1063 2613 vernat
1077 2571 1158 2631 ager.

490 2636 566 2698 lnde
581 2638 728 2699 salutatus
742 2640 830 2719 picae
845 2637 1016 2718 respondet
1031 2644 1150 2713 arator,
1271 2639 1274 2645 '

450 2732 485 2786 10
532 2724 614 2783 Hinc
627 2742 726 2804 prope
741 2743 856 2784 summa
874 2741 967 2801 rapax
981 2720 1090 2780 milvus
1106 2720 1144 2779 ad
1159 2727 1243 2781 astra
1256 2720 1356 2786 volat.

490 2807 645 2867 Mittimus
660 2826 735 2886 ergo
750 2809 808 2869 tibi
821 2824 933 2886 parvae
948 2804 1127 2865 munuscula
1141 2805 1277 2882 chortis,

535 2890 643 2966 Qualia
657 2893 684 2950 si
697 2892 830 2970 recipis,
852 2908 946 2969 saepe
960 2891 1152 2970 propinquus
1168 2889 1243 2952 eris.

900 3024 964 3085 LV.

479 3121 574 3182 ·Luce
587 3122 847 3202 propinquorum,
869 3141 928 3199 qua
941 3119 1073 3200 plurima
1086 3119 1221 3178 mittitur
1234 3118 1322 3197 ales,

533 3208 611 3266 Dum
626 3202 745 3264 Stellae
759 3202 884 3282 turdos,
906 3202 977 3263 dum
993 3204 1065 3281 tibi,
1084 3200 1216 3281 Flacca,
1238 3222 1337 3284 paro,

492 3289 637 3350 Occurrit
651 3289 740 3348 uobis
756 3289 865 3366 ingens
881 3305 1073 3365 onerosaque
1087 3288 1193 3363 turba,

533 3374 568 3433 ln
583 3391 690 3454 quase
704 3373 837 3451 primum
853 3374 983 3450 quisque
997 3388 1159 3448 meumque
1173 3375 1272 3448 putat.

471 3457 693 3517 5Demeruisse
709 3455 785 3516 duos
800 3462 903 3516 votum
918 3463 982 3530 est;
1005 3453 1167 3515 offendere
1181 3452 1293 3533 plures

533 3542 593 3603 Vix
609 3547 724 3615 tutum;
743 3538 848 3599 multis
861 3540 986 3598 mittere
1001 3537 1080 3597 dona
1094 3555 1186 3616 grave
1202 3544 1264 3600 est.

491 3624 557 3699 Qua
571 3643 695 3705 possum
710 3623 775 3684 sola
789 3623 908 3684 veniam
926 3624 1046 3682 ratione
1060 3623 1222 3683 merebor:

531 3706 597 3768 Nee
612 3708 730 3769 Stellae
745 3705 870 3785 turdos,
889 3724 947 3765 nec
963 3707 1037 3786 tihi,
1058 3704 1189 3784 l'lacce,
1211 3703 1306 3767 dabo.
