3434 4575
683 461 727 523 M.
742 461 835 525 VAL.
849 459 1075 521 MARTIALIS

791 662 969 725 LXXXVII.

443 767 556 826 Narrat
569 769 620 841 te,
643 762 780 840 Chione,
800 782 923 839 rumor,
943 781 1096 840 nunquam
1112 779 1183 820 ease
1197 759 1333 823 fututam

484 849 587 926 Atque
601 844 680 906 nihil
695 865 793 904 cunno
809 846 917 924 purius
933 865 1002 905 esse
1016 855 1079 905 tuo.

443 931 542 992 Tecta
559 938 661 991 tamen
677 949 739 988 non
752 929 827 1005 hae,
851 949 910 1007 qua
925 928 1043 1008 debes,
1063 935 1152 1009 parte
1166 925 1298 988 lavaris:

485 1016 518 1074 Si
532 1014 633 1096 pudor
649 1019 714 1091 est,
733 1013 871 1072 transfer
885 1012 1022 1092 subligar
1036 1016 1068 1072 in
1082 1012 1204 1072 faciem.

784 1136 974 1199 LXXXVIII.

443 1251 522 1310 Sunt
536 1251 651 1329 gemini
664 1251 795 1326 iratres,
818 1247 939 1308 diversa
953 1248 1010 1308 sed
1024 1249 1150 1327 inguina
1162 1247 1299 1329 lingunt.

484 1334 603 1412 Dicite,
626 1332 790 1393 dissimiIes
805 1339 878 1392 sunt
891 1334 1002 1411 magis,
1024 1353 1062 1392 an
1077 1331 1217 1393 similes?

795 1457 959 1519 LXXXIX.

441 1559 540 1619 Utere
554 1555 684 1616 lactucis
699 1563 732 1616 et
746 1555 890 1617 mollibus
905 1561 995 1616 utere
1009 1556 1130 1618 malvis:

483 1642 560 1702 Nam
574 1641 687 1701 faciem
702 1640 827 1719 durum,
849 1640 993 1719 Phoebe,
1018 1644 1151 1701 cacantis
1164 1643 1273 1702 habes.

845 1765 911 1826 XC.

441 1877 534 1958 Volt,
555 1898 617 1938 non
631 1878 698 1939 volt
713 1877 787 1938 dare
802 1874 895 1938 Galla
906 1877 1000 1955 mihi,
1020 1896 1079 1938 nec
1094 1877 1201 1939 (licere
1214 1900 1359 1962 possum,

484 1963 573 2040 Quod
586 1961 653 2022 volt
667 1969 701 2023 et
715 1982 777 2023 non
791 1960 872 2039 volt,
893 1961 967 2039 quid
981 1962 1040 2020 sibi
1055 1961 1144 2023 Galla
1158 1962 1245 2027 velit.
1319 2010 1322 2017 ,

837 2074 917 2136 xcl.

443 2175 520 2234 (lam
531 2180 657 2253 peteret
670 2175 789 2254 patriae
806 2173 958 2232 missicius
973 2191 1043 2231 arva
1056 2172 1237 2253 Ravennae,

485 2257 635 2318 Semiviro
650 2255 784 2337 Cybeles
798 2275 866 2316 cum
881 2273 975 2334 grege
992 2256 1090 2316 iunxit
1104 2257 1175 2318 itor.

441 2342 522 2401 Huic
537 2360 640 2401 comes
654 2341 803 2401 haerebat
818 2340 933 2400 domini
946 2340 1091 2417 fugitivus
1105 2339 1245 2403 Achillas

485 2424 615 2503 Insignis
627 2425 726 2484 forma
740 2425 940 2503 nequitiaque
952 2442 1040 2505 puer.

420 2509 513 2569 5Hoc
528 2508 654 2568 steriles
668 2527 796 2568 sensere
813 2509 888 2567 viri:
912 2528 970 2586 qua
984 2514 1074 2586 parte
1090 2509 1220 2568 cubaret

484 2592 659 2671 Quaerunt,
679 2592 736 2652 sed
748 2594 861 2653 tacitos
877 2593 974 2651 sensIt
988 2596 1022 2650 et
1037 2589 1094 2650 ille
1109 2590 1207 2655 dolos.

441 2676 614 2755 Mentitur,
636 2676 783 2737 credunt:
806 2677 904 2737 somni
919 2679 990 2755 post
1004 2676 1075 2734 uina
1088 2681 1254 2754 petuntur:

484 2760 637 2819 Continuo
655 2761 771 2821 ferrum
786 2761 875 2820 noxia
891 2761 983 2819 turba
998 2760 1080 2837 rapit

440 2842 656 2923 Exciduntque
670 2864 792 2922 senem,
814 2841 950 2924 spondae
965 2861 1033 2901 eum
1046 2847 1137 2922 parte
1152 2843 1292 2922 iaceret3

401 2937 434 2990 10
481 2927 620 3005 Namque
635 2947 713 3008 puer
726 2928 832 3008 pluteo
846 2926 969 2987 vindice
982 2932 1067 2985 tutus
1083 2932 1159 2986 erat.

441 3009 636 3091 Suppositam
652 3011 804 3091 quondam
818 3011 898 3070 fama
914 3016 963 3070 est
975 3029 1032 3090 pro
1047 3011 1166 3088 virgine
1179 3030 1322 3097 cervam,

481 3096 525 3155 At
538 3113 619 3154 nuuc
632 3114 690 3174 pro
706 3113 797 3156 cervo
813 3092 949 3153 mentula
965 3096 1124 3173 supposita
1139 3101 1195 3155 est.

830 3220 921 3281 XCII.

441 3321 484 3381 Ut
498 3320 598 3400 patiar
612 3320 788 3398 moechum,
806 3325 896 3397 rogat
908 3337 1001 3396 uxor,
1024 3318 1133 3397 Galle,
1155 3317 1211 3379 sed
1225 3338 1332 3388 unum.

481 3406 563 3464 Huic
577 3422 634 3483 ego
649 3423 711 3465 nou
726 3402 831 3464 oculos
846 3420 940 3479 eruo,
962 3401 1069 3480 Galle,
1092 3402 1192 3464 duosi

821 3515 926 3575 xcnl.

404 3632 407 3637 ’
442 3612 519 3673 Cum
533 3616 593 3676 tibi
605 3617 741 3676 trecenti
756 3613 916 3695 consules,
938 3612 1126 3696 Vetustilla‚

440 3694 482 3756 llt
496 3702 562 3758 tres
576 3697 680 3779 capilli
696 3706 901 3780 quattuorque
917 3701 980 3760 sint
997 3698 1123 3781 dentes,
