3434 4575
724 331 768 392 M.
785 329 877 392 VAL.
893 328 1129 390 MARTIALIS

899 530 948 591 111.

486 644 592 705 Omnis
606 645 638 703 in
655 644 715 703 hoo
730 643 837 722 gracili
851 645 1021 705 Xnmonnn
1037 646 1137 704 turba
1152 645 1272 708 libello

528 728 692 788 Constabit
705 730 836 787 nummis
851 735 996 807 quattuor
1011 734 1121 806 empta
1136 730 1214 793 tibi.

487 813 638 889 Quattuor
656 815 705 871 est
719 812 868 870 nimium?
889 813 1007 891 poterit
1023 819 1178 874 constare
1196 814 1337 893 duobus,

526 896 568 956 Et
582 896 677 954 faciet
690 893 811 954 luorum
825 894 992 974 bibliopola
1007 895 1180 975 Tryphon.

463 980 574 1042 &Haec
588 978 664 1039 licet
677 979 852 1058 hospitibus
866 999 923 1059 pro
938 997 1067 1037 munere
1086 977 1234 1043 disticha
1249 984 1368 1060 mittas,

529 1063 563 1122 Si
578 1065 636 1123 tibi
652 1070 714 1122 tam
729 1082 833 1140 rarus,
861 1082 950 1141 quam
964 1062 1057 1139 mibi,
1080 1080 1235 1125 nummus
1251 1069 1326 1127 erit.

486 1144 604 1206 Addita
617 1165 675 1227 per
690 1144 799 1206 titulos
819 1166 874 1207 sua
887 1147 1009 1205 nomina
1023 1148 1121 1206 rebus
1137 1150 1298 1211 habebis:

526 1232 728 1309 Praetercas,
751 1232 778 1290 si
793 1230 866 1310 quid
881 1250 943 1290 non
957 1229 1032 1289 facit
1047 1226 1086 1288 ad
1101 1235 1318 1295 stomachum.

846 1377 897 1436 IV.
928 1375 1001 1434 Tito.

486 1490 581 1550 Serus
595 1496 630 1549 nt
644 1488 802 1548 aetheriae
818 1487 1021 1548 Germanicus
1035 1489 1176 1566 imperet
1193 1490 1291 1555 aulae

526 1574 632 1652 thue
647 1572 824 1648 dictastis,
848 1570 887 1631 da
902 1574 954 1652 pia
968 1578 1037 1630 tura
1052 1571 1125 1631 lovi.

840 1722 879 1784 V.
899 1722 1001 1802 Piper.

487 1833 587 1896 cerea
602 1852 679 1912 quae
696 1833 800 1913 patulo
814 1832 901 1893 lnoet
914 1829 1047 1892 ficedula
1063 1828 1191 1910 lumbo,

528 1918 605 1979 Cum
620 1918 678 1979 tibi
692 1925 777 1978 sorte
793 1917 900 1994 datur,
924 1917 950 1974 si
964 1917 1063 1994 sapis,
1087 1913 1172 1976 adde
1186 1919 1298 2000 piper.

825 2050 876 2110 Vl.
900 2047 1024 2110 Helico.

484 2162 547 2222 Nos
561 2159 706 2234 halicam,
727 2159 845 2236 poterit
858 2157 991 2219 mulsum
1005 2161 1064 2220 tibi
1077 2161 1210 2224 mittere
1229 2165 1335 2232 dives,

526 2243 559 2302 Si
575 2243 632 2301 tibi
647 2238 785 2301 noluerit
799 2242 925 2302 mittere
941 2242 1043 2321 dives,
1064 2261 1161 2309 emes.

831 2377 895 2439 VII.
920 2377 1019 2438 Faba.

485 2488 518 2549 Si
532 2497 655 2570 spumet
669 2492 763 2550 rubra
777 2491 903 2550 conchis
920 2490 979 2549 tibi
993 2485 1110 2568 pallida
1124 2497 1231 2574 testa,

524 2574 691 2637 Lautorum
705 2576 790 2635 cenis
806 2592 898 2654 saepe
912 2579 1027 2651 negare
1042 2579 1143 2652 potes.

833 2708 911 2770 Vlll.
934 2706 1010 2768 Far.

482 2825 587 2884 imbue
601 2819 740 2900 plebeias
756 2818 891 2879 Clusinis
908 2817 1044 2899 pultibus
1061 2814 1158 2895 ollas,

448 2899 462 2926 '
524 2906 568 2966 Ut
587 2910 670 2964 satur
684 2902 716 2959 in
732 2904 833 2962 vacuis
851 2902 952 2963 dulcia
964 2907 1064 2961 musta
1077 2902 1176 2962 bibas.
1202 2987 1208 2996 ι
1309 2907 1312 2912 “

838 3037 889 3098 ΙΧ.
911 3036 1003 3097 Lem.

483 3145 601 3227 Accipe
614 3145 780 3226 Niliacam,
802 3148 929 3211 Pelusia
942 3168 1085 3225 munera,
1107 3146 1252 3215 lentem:

527 3230 628 3293 Vilior
644 3239 693 3292 est
708 3232 827 3311 halica,
849 3236 951 3294 carior
966 3233 1019 3293 illa
1036 3233 1115 3294 faba.

832 3367 871 3427 X.
894 3365 1013 3427 Simila.

373 3528 379 3543 ,
483 3476 547 3536 Nec
562 3476 652 3539 dotes
668 3480 787 3540 similae
809 3481 910 3561 possis
925 3498 1088 3540 numerare
1103 3470 1163 3539 neo
1179 3501 1278 3563 usus,

523 3562 640 3624 Pistori
655 3567 772 3626 totiens
786 3585 855 3629 cum
870 3566 911 3623 sit
926 3570 959 3623 et
974 3571 1044 3645 apta
1058 3582 1141 3623 coco.
