3434 4575
400 453 475 518 ..518
737 450 783 515 M,
798 449 891 513 VAL.
908 450 1136 510 MARTMLIS

717 653 767 712 01.
793 652 905 712 Oleum
927 650 1153 727 Venafranom.

497 756 565 815 Hoc
579 753 638 814 tibi
652 751 798 831 Campani
814 747 934 810 sudavit
949 750 1024 809 baca
1038 747 1174 811 Venafri
1360 815 1362 819 ,

539 839 751 916 Unguentum:
769 834 913 912 quotiens
928 833 1039 910 sumis,
1062 839 1095 892 et
1108 831 1197 894 istud
1214 834 1300 898 olet.

742 967 802 1028 cll.
828 967 948 1027 Garum
961 969 1124 1028 sociorum.

496 1068 674 1150 Expirantis
692 1066 791 1126 adhuc
806 1066 944 1125 scombri
957 1064 996 1126 de
1011 1066 1161 1143 sanguiue
1177 1068 1292 1146 primo

539 1153 655 1231 Accipe
670 1151 834 1226 santonum,
856 1167 983 1208 munera
998 1168 1084 1226 cara,
1104 1168 1229 1227 garum.

731 1284 806 1345 0111.
833 1283 994 1364 Amphora
1007 1283 1136 1343 mortuo.

496 1381 718 1463 Antipolitani,
739 1382 862 1459 fateor,
884 1400 951 1441 sum
964 1380 1028 1441 filia
1042 1380 1168 1459 thynni:

537 1467 646 1527 Essem
661 1467 688 1525 si
702 1466 852 1543 scombri,
875 1484 938 1524 non
952 1466 1010 1524 tibi
1024 1465 1116 1524 missa
1130 1463 1255 1532 forem.

770 1598 847 1660 c1v.
870 1559 935 1657 uei
950 1598 1103 1658 actuum.

495 1698 564 1758 Hoc
577 1697 636 1757 tibi
650 1696 767 1756 'l'hesei
780 1694 957 1776 populatrix
970 1697 1054 1756 misit
1067 1695 1216 1776 Hymetti

537 1779 682 1841 Pallados
697 1801 715 1840 a
729 1779 813 1841 silvis
825 1779 930 1841 nobile
945 1787 1054 1841 nectar
1069 1780 1145 1861 apis.

791 1915 856 1977 GV.
880 1914 961 1975 Fuci
972 1911 1079 1976 Siculi.

497 2014 574 2076 Cum
594 2011 720 2072 dederis
739 2012 862 2073 Siculos
876 2012 997 2073 mediae
1012 2011 1051 2072 de
1067 2010 1206 2076 collibus
1224 2018 1383 2101 Hyblae,

537 2096 708 2177 'Cecropios
725 2096 809 2157 dicas
825 2103 858 2158 tu
872 2096 950 2157 licet
963 2115 1033 2157 esse
1047 2097 1142 2158 favos.

814 2231 891 2295 cvl.
913 2232 1053 2296 Possum.

496 2329 612 2389 Gnosia
626 2329 752 2389 Minoae
767 2330 874 2407 genuit
888 2329 1041 2391 vindemia
1055 2331 1171 2391 Cretae
1448 2406 1451 2411 Ι

537 2411 606 2471 Hoc
620 2413 695 2491 tibi,
717 2411 800 2492 quod
815 2412 947 2473 mulsum
960 2415 1105 2505 pauperis
1121 2432 1196 2476 esse
1213 2417 1323 2486 solet.
1448 2434 1451 2439 '

799 2548 892 2611 cvfl.
915 2548 1065 2612 Rectum.

461 2626 464 2634 ¹
494 2645 580 2704 Haec
596 2642 635 2704 de
649 2646 775 2706 vitifera
788 2648 910 2707 venisse
924 2649 1025 2727 picata
1041 2648 1165 2710 Vienna

535 2729 582 2789 Ne
599 2728 738 2809 dubites,
760 2732 844 2791 misit
858 2729 1006 2791 Romulus
1021 2732 1088 2811 ipse
1103 2731 1194 2793 mihi.

790 2865 895 2928 cvm.
918 2863 1066 2926 Mulsum.

494 2959 599 3019 Attica
613 2967 793 3022 nectareum
807 2963 940 3022 turbatis
952 2961 1047 3022 mella
1061 2960 1249 3027 Falernum.

536 3044 667 3104 Misceri
681 3044 773 3106 decet
787 3048 847 3105 hoc
864 3066 881 3105 a
896 3044 1076 3126 Ganymede
1091 3064 1226 3114 merum.

741 3167 743 3170 ’
795 3179 872 3239 clx.
899 3181 1069 3258 Albanum.

492 3289 561 3350 Hoc
576 3287 617 3350 de
632 3291 794 3351 Caesareis
809 3293 892 3352 mitis
907 3293 1061 3354 vindemia
1076 3289 1166 3352 cellis

533 3375 638 3453 Misit,
659 3374 743 3435 luleo
758 3395 837 3455 quae
853 3378 913 3437 sibi
928 3382 1033 3437 moute
1047 3375 1160 3457 placet.

771 3508 836 3570 CX.
857 3485 1090 3574 Surrentinum.

494 3603 677 3667 Surrentina
691 3608 796 3668 bibis?
816 3627 877 3669 uec
895 3611 1031 3670 murrina
1044 3610 1144 3690 picta,
1167 3627 1231 3670 nec
1248 3633 1367 3677 annm

535 3689 645 3751 Sume:
667 3690 783 3752 dabunt
797 3690 910 3754 calices
924 3693 1002 3754 haec
1016 3693 1159 3754 tibicina
1173 3713 1264 3759 suos
