3434 4575
667 473 711 535 Μ.
728 473 820 535 VAL.
837 472 1066 534 MARTIALIS

429 625 527 690 Venit
542 628 579 686 ab
594 625 721 706 Orpheo
736 624 836 685 cultor
850 625 1049 706 Rhodopeius
1064 628 1201 706 Haemo,

471 709 569 774 Venit
583 716 616 769 et
631 715 724 790 epoto
741 709 880 769 Sarmata
891 716 997 789 pastus
1012 729 1110 790 equo,

407 796 472 857 ont
483 796 537 874 qui
547 795 648 875 prima
659 794 739 854 bibit
750 791 898 873 deprensi
912 795 1037 853 flumina
1049 794 1130 872 Nili,

470 879 513 938 nt
524 897 615 957 quem
627 895 789 958 supremae
804 876 945 956 Tethyos
960 877 1041 936 unda
1052 879 1144 953 ferit;

428 963 601 1023 Festinavit
614 962 731 1039 Arabs,
752 961 941 1021 festinavere
954 961 1081 1040 Sabaei,

471 1047 514 1106 nt
528 1045 643 1107 Cilices
660 1046 772 1105 nimbis
787 1045 838 1104 hic
851 1043 998 1104 maduere
1012 1047 1083 1107 suis.

431 1131 577 1191 Crinibus
591 1131 624 1188 in
636 1128 750 1188 nodum
766 1130 842 1189 torti
856 1147 972 1188 venere
987 1128 1154 1206 Sicambri,

391 1225 424 1277 10
472 1216 576 1291 Atque
588 1211 679 1273 aliter
692 1215 786 1273 tortis
803 1214 939 1283 crinibus
952 1214 1134 1293 Aethiopes.

431 1299 500 1360 Vox
514 1294 636 1356 diversa
650 1302 739 1355 sonat
752 1294 953 1376 populorum,
970 1302 1035 1356 tum
1049 1303 1153 1356 tamen
1165 1315 1225 1357 nna
1240 1303 1307 1377 est,

473 1381 549 1441 cum
564 1398 655 1439 verus
670 1381 789 1459 patriae
805 1378 920 1438 diceris
935 1397 1004 1438 esse
1018 1387 1117 1460 pater.

834 1488 893 1575 iv.

433 1630 540 1690 Turba
557 1631 657 1709 gravis
671 1631 739 1710 paci
754 1628 956 1710 placidaeque
971 1631 1095 1690 inimica
1110 1631 1224 1711 quieti,

475 1710 559 1790 Quae
574 1733 697 1794 semper
712 1714 840 1775 miseras
857 1713 1044 1775 sollicitabat
1059 1734 1151 1795 opes,

433 1797 563 1858 Tradita
578 1797 736 1877 Gaetulis,
750 1817 809 1858 nec
824 1801 909 1880 oepit
923 1801 1039 1860 harena
1052 1805 1222 1859 nocentes:

470 1883 515 1944 nt
531 1881 654 1944 delator
668 1884 763 1944 habet
777 1882 859 1962 quod
875 1882 966 1944 dabat
981 1881 1112 1944 exilium.

428 2219 543 2283 Exulat
557 2219 694 2278 Ausonia
707 2217 855 2298 profugus
871 2215 992 2277 delator
1007 2219 1043 2277 ab
1055 2221 1148 2279 urbe:
1238 2293 1241 2297 λ

352 2341 362 2358 .
472 2305 558 2363 llaec
573 2301 651 2361 licet
664 2303 810 2382 impensis
823 2302 974 2382 principis
990 2321 1182 2365 annumeres.

844 2435 883 2497 V.

429 2556 567 2616 lunatam
583 2552 756 2633 Pasiphaen
770 2553 899 2613 Dictaeo
915 2553 1034 2615 credite
1048 2558 1152 2614 tauro:

474 2636 631 2714 Vidimus,
650 2638 770 2717 accepit
783 2636 888 2697 fabula
900 2632 1002 2718 prisca
1017 2636 1120 2700 iidem.

428 2721 496 2782 Nec
510 2740 544 2781 se
558 2722 705 2799 miretur,
720 2722 851 2801 caesar,
869 2721 1016 2801 longaeva
1033 2726 1183 2782 vetustas:

357 2881 361 2888 Ι
475 2803 632 2884 Quidquid
645 2806 724 2866 lama
739 2808 836 2884 canit,
856 2812 995 2887 praestat
1009 2806 1125 2865 harena
1139 2805 1205 2864 tibi.

834 2940 887 3001 Vl.

431 3051 572 3133 Belliger
586 3055 709 3114 invictis
724 3052 806 3133 quod
820 3056 907 3117 Mars
918 3058 976 3117 tibi
994 3057 1138 3117 servitiu
1154 3057 1263 3135 armis,

471 3138 540 3199 Non
555 3139 628 3198 satis
642 3144 706 3216 est,
727 3139 858 3218 caesar,
879 3142 975 3201 servit
989 3142 1100 3221 etipsa
1114 3139 1230 3204 Venus.

429 3473 624 3536 Prostratum
637 3481 721 3535 vasta
734 3473 867 3535 Nemees
878 3476 910 3534 in
925 3473 1005 3535 valle
1018 3473 1142 3539 leonem

473 3556 585 3619 Nobile
605 3564 638 3619 et
655 3556 843 3619 Herculeum
860 3559 940 3618 lama
957 3562 1086 3620 canebat
1101 3579 1186 3641 opus.

431 3639 539 3701 Prisca
551 3639 631 3703 lides
643 3646 762 3704 taceat:
783 3662 853 3703 nam
867 3651 939 3724 post
952 3649 1004 3704 tua
1019 3663 1161 3724 munera,
1184 3644 1317 3724 Caesar,

472 3724 542 3786 Hoc
554 3728 614 3787 iam
628 3728 787 3791 femineo.
833 3777 840 3790 .
886 3757 904 3788 .’
939 3772 1155 3793 .....
