<?xml version="1.0" encoding="UTF-8"?>
<!DOCTYPE html PUBLIC "-//W3C//DTD XHTML 1.0 Transitional//EN"
    "http://www.w3.org/TR/xhtml1/DTD/xhtml1-transitional.dtd">
<html xmlns="http://www.w3.org/1999/xhtml" xml:lang="en" lang="en">
 <head>
  <title>
</title>
<meta http-equiv="Content-Type" content="text/html;charset=utf-8" />
  <meta name='ocr-system' content='tesseract 3.04.00' />
  <meta name='ocr-capabilities' content='ocr_page ocr_carea ocr_par ocr_line ocrx_word'/>
</head>
<body>
  <div class='ocr_page' id='page_1' title='image "./satirarumlibriq00juvegoog_0065.png"; bbox 0 0 3434 4575; ppageno 0'>
   <div class='ocr_carea' id='block_1_1' title="bbox 681 478 868 529">
    <p class='ocr_par' dir='ltr' id='par_1_1' title="bbox 681 478 868 529">
     <span class='ocr_line' id='line_1_1' title="bbox 681 478 868 529; baseline -0.011 0"><span class='ocrx_word' id='word_1_1' title='bbox 681 478 808 529; x_wconf 73' lang='lat' dir='ltr'><strong>sauma</strong></span> <span class='ocrx_word' id='word_1_2' title='bbox 830 478 868 527; x_wconf 74' lang='lat' dir='ltr'><strong>Vt</strong></span> 
     </span>
    </p>
   </div>
   <div class='ocr_carea' id='block_1_2' title="bbox 315 620 1311 3837">
    <p class='ocr_par' dir='ltr' id='par_1_2' title="bbox 316 620 1148 703">
     <span class='ocr_line' id='line_1_2' title="bbox 316 620 1148 703; baseline -0.004 -17"><span class='ocrx_word' id='word_1_3' title='bbox 316 622 499 686; x_wconf 71' lang='lat' dir='ltr'><strong>(innuentem</strong></span> <span class='ocrx_word' id='word_1_4' title='bbox 522 632 617 684; x_wconf 87' lang='lat' dir='ltr'><strong>tamen</strong></span> <span class='ocrx_word' id='word_1_5' title='bbox 639 631 669 683; x_wconf 93' lang='lat' dir='ltr'><strong>et</strong></span> <span class='ocrx_word' id='word_1_6' title='bbox 690 628 805 703; x_wconf 85' lang='lat' dir='ltr'><strong>pactum</strong></span> <span class='ocrx_word' id='word_1_7' title='bbox 828 629 858 682; x_wconf 90' lang='lat' dir='ltr'><strong>et</strong></span> <span class='ocrx_word' id='word_1_8' title='bbox 880 620 1026 700; x_wconf 80' lang='lat' dir='ltr'><strong>sponsalia</strong></span> <span class='ocrx_word' id='word_1_9' title='bbox 1049 631 1148 685; x_wconf 86' lang='lat' dir='ltr'><strong>nostra</strong></span> 
     </span>
    </p>

    <p class='ocr_par' dir='ltr' id='par_1_3' title="bbox 315 708 1103 789">
     <span class='ocr_line' id='line_1_3' title="bbox 315 708 1103 789; baseline -0.004 -19"><span class='ocrx_word' id='word_1_10' title='bbox 315 710 505 789; x_wconf 75' lang='lat' dir='ltr'>Tempestate</span> <span class='ocrx_word' id='word_1_11' title='bbox 527 725 625 787; x_wconf 88' lang='lat' dir='ltr'><strong>paras,</strong></span> <span class='ocrx_word' id='word_1_12' title='bbox 647 709 762 786; x_wconf 87' lang='lat' dir='ltr'><strong>iamque</strong></span> <span class='ocrx_word' id='word_1_13' title='bbox 783 724 800 766; x_wconf 90' lang='lat' dir='ltr'><strong>a</strong></span> <span class='ocrx_word' id='word_1_14' title='bbox 818 714 939 767; x_wconf 82' lang='lat' dir='ltr'><strong>tonsore</strong></span> <span class='ocrx_word' id='word_1_15' title='bbox 962 708 1103 786; x_wconf 71' lang='lat' dir='ltr'><strong>magistro</strong></span> 
     </span>
    </p>

    <p class='ocr_par' dir='ltr' id='par_1_4' title="bbox 317 790 1033 872">
     <span class='ocr_line' id='line_1_4' title="bbox 317 790 1033 872; baseline -0.003 -18"><span class='ocrx_word' id='word_1_16' title='bbox 317 796 446 855; x_wconf 77' lang='lat' dir='ltr'><strong>Pectoris</strong></span> <span class='ocrx_word' id='word_1_17' title='bbox 471 801 503 854; x_wconf 90' lang='lat' dir='ltr'><strong>et</strong></span> <span class='ocrx_word' id='word_1_18' title='bbox 524 792 615 871; x_wconf 80' lang='lat' dir='ltr'><strong>digito</strong></span> <span class='ocrx_word' id='word_1_19' title='bbox 638 794 742 872; x_wconf 77' lang='lat' dir='ltr'><strong>pignus</strong></span> <span class='ocrx_word' id='word_1_20' title='bbox 763 791 890 851; x_wconf 80' lang='lat' dir='ltr'><strong>fortasse</strong></span> <span class='ocrx_word' id='word_1_21' title='bbox 913 790 1033 852; x_wconf 89' lang='lat' dir='ltr'><strong>dedisti:</strong></span> 
     </span>
    </p>

    <p class='ocr_par' dir='ltr' id='par_1_5' title="bbox 317 873 1116 958">
     <span class='ocr_line' id='line_1_5' title="bbox 317 873 1116 958; baseline -0.005 -18"><span class='ocrx_word' id='word_1_22' title='bbox 317 878 419 958; x_wconf 74' lang='lat' dir='ltr'><strong>icertc</strong></span> <span class='ocrx_word' id='word_1_23' title='bbox 440 896 529 940; x_wconf 89' lang='lat' dir='ltr'><strong>sanus</strong></span> <span class='ocrx_word' id='word_1_24' title='bbox 550 874 639 938; x_wconf 88' lang='lat' dir='ltr'><strong>eras?</strong></span> <span class='ocrx_word' id='word_1_25' title='bbox 662 893 801 952; x_wconf 83' lang='lat' dir='ltr'><strong>uxorem,</strong></span> <span class='ocrx_word' id='word_1_26' title='bbox 824 875 978 950; x_wconf 87' lang='lat' dir='ltr'><strong>Postume,</strong></span> <span class='ocrx_word' id='word_1_27' title='bbox 1001 873 1116 955; x_wconf 86' lang='lat' dir='ltr'><strong>ducis?}</strong></span> 
     </span>
    </p>

    <p class='ocr_par' dir='ltr' id='par_1_6' title="bbox 317 959 1139 1044">
     <span class='ocr_line' id='line_1_6' title="bbox 317 959 1139 1044; baseline -0.007 -20"><span class='ocrx_word' id='word_1_28' title='bbox 317 964 386 1037; x_wconf 87' lang='lat' dir='ltr'><strong>Dic,</strong></span> <span class='ocrx_word' id='word_1_29' title='bbox 410 981 468 1044; x_wconf 81' lang='lat' dir='ltr'><strong>qua</strong></span> <span class='ocrx_word' id='word_1_30' title='bbox 490 961 667 1042; x_wconf 83' lang='lat' dir='ltr'><strong>Tisiphone,</strong></span> <span class='ocrx_word' id='word_1_31' title='bbox 689 961 793 1042; x_wconf 84' lang='lat' dir='ltr'><strong>quibus</strong></span> <span class='ocrx_word' id='word_1_32' title='bbox 816 961 968 1039; x_wconf 76' lang='lat' dir='ltr'><strong>exagitare</strong></span> <span class='ocrx_word' id='word_1_33' title='bbox 989 959 1139 1022; x_wconf 89' lang='lat' dir='ltr'><strong>colubris?</strong></span> 
     </span>
    </p>

    <p class='ocr_par' dir='ltr' id='par_1_7' title="bbox 316 1043 1135 1126">
     <span class='ocr_line' id='line_1_7' title="bbox 316 1043 1135 1126; baseline -0.005 -18"><span class='ocrx_word' id='word_1_34' title='bbox 316 1048 408 1109; x_wconf 86' lang='lat' dir='ltr'><strong>Ferre</strong></span> <span class='ocrx_word' id='word_1_35' title='bbox 432 1056 519 1126; x_wconf 89' lang='lat' dir='ltr'><strong>potes</strong></span> <span class='ocrx_word' id='word_1_36' title='bbox 541 1045 685 1107; x_wconf 88' lang='lat' dir='ltr'><strong>dominam</strong></span> <span class='ocrx_word' id='word_1_37' title='bbox 708 1045 797 1105; x_wconf 84' lang='lat' dir='ltr'><strong>salvis</strong></span> <span class='ocrx_word' id='word_1_38' title='bbox 821 1054 863 1104; x_wconf 91' lang='lat' dir='ltr'><strong>tot</strong></span> <span class='ocrx_word' id='word_1_39' title='bbox 886 1044 1014 1105; x_wconf 84' lang='lat' dir='ltr'><strong>restibus</strong></span> <span class='ocrx_word' id='word_1_40' title='bbox 1037 1043 1135 1120; x_wconf 85' lang='lat' dir='ltr'><strong>ullam,</strong></span> 
     </span>
    </p>

    <p class='ocr_par' dir='ltr' id='par_1_8' title="bbox 316 1130 1079 1210">
     <span class='ocr_line' id='line_1_8' title="bbox 316 1130 1079 1210; baseline -0.001 -19"><span class='ocrx_word' id='word_1_41' title='bbox 316 1133 410 1206; x_wconf 87' lang='lat' dir='ltr'><strong>Quum</strong></span> <span class='ocrx_word' id='word_1_42' title='bbox 433 1140 551 1210; x_wconf 90' lang='lat' dir='ltr'><strong>pateant</strong></span> <span class='ocrx_word' id='word_1_43' title='bbox 573 1130 652 1193; x_wconf 90' lang='lat' dir='ltr'><strong>altae</strong></span> <span class='ocrx_word' id='word_1_44' title='bbox 675 1131 896 1208; x_wconf 80' lang='lat' dir='ltr'><strong>caligantesque</strong></span> <span class='ocrx_word' id='word_1_45' title='bbox 920 1130 1079 1204; x_wconf 79' lang='lat' dir='ltr'><strong>fenestrae,</strong></span> 
     </span>
    </p>

    <p class='ocr_par' dir='ltr' id='par_1_9' title="bbox 317 1213 1136 1294">
     <span class='ocr_line' id='line_1_9' title="bbox 317 1213 1136 1294; baseline -0.004 -17"><span class='ocrx_word' id='word_1_46' title='bbox 317 1216 411 1289; x_wconf 85' lang='lat' dir='ltr'><strong>Quum</strong></span> <span class='ocrx_word' id='word_1_47' title='bbox 435 1214 486 1276; x_wconf 87' lang='lat' dir='ltr'><strong>tibi</strong></span> <span class='ocrx_word' id='word_1_48' title='bbox 508 1217 633 1276; x_wconf 85' lang='lat' dir='ltr'><strong>vicinum</strong></span> <span class='ocrx_word' id='word_1_49' title='bbox 654 1234 688 1275; x_wconf 87' lang='lat' dir='ltr'><strong>se</strong></span> <span class='ocrx_word' id='word_1_50' title='bbox 711 1214 853 1293; x_wconf 87' lang='lat' dir='ltr'><strong>praebeat</strong></span> <span class='ocrx_word' id='word_1_51' title='bbox 876 1213 1017 1275; x_wconf 75' lang='lat' dir='ltr'><strong>Aemilius</strong></span> <span class='ocrx_word' id='word_1_52' title='bbox 1039 1213 1136 1294; x_wconf 88' lang='lat' dir='ltr'><strong>pons?</strong></span> 
     </span>
    </p>

    <p class='ocr_par' dir='ltr' id='par_1_10' title="bbox 318 1298 1070 1378">
     <span class='ocr_line' id='line_1_10' title="bbox 318 1298 1070 1378; baseline 0 -18"><span class='ocrx_word' id='word_1_53' title='bbox 318 1303 374 1361; x_wconf 78' lang='lat' dir='ltr'><strong>dut</strong></span> <span class='ocrx_word' id='word_1_54' title='bbox 394 1302 419 1360; x_wconf 91' lang='lat' dir='ltr'><strong>si</strong></span> <span class='ocrx_word' id='word_1_55' title='bbox 442 1299 479 1361; x_wconf 93' lang='lat' dir='ltr'><strong>de</strong></span> <span class='ocrx_word' id='word_1_56' title='bbox 503 1299 598 1361; x_wconf 87' lang='lat' dir='ltr'><strong>multis</strong></span> <span class='ocrx_word' id='word_1_57' title='bbox 622 1299 717 1361; x_wconf 88' lang='lat' dir='ltr'><strong>nuilus</strong></span> <span class='ocrx_word' id='word_1_58' title='bbox 741 1299 841 1378; x_wconf 89' lang='lat' dir='ltr'><strong>piacet</strong></span> <span class='ocrx_word' id='word_1_59' title='bbox 864 1300 976 1376; x_wconf 84' lang='lat' dir='ltr'><strong>exitus,</strong></span> <span class='ocrx_word' id='word_1_60' title='bbox 999 1298 1070 1360; x_wconf 88' lang='lat' dir='ltr'><strong>iliud</strong></span> 
     </span>
    </p>

    <p class='ocr_par' dir='ltr' id='par_1_11' title="bbox 317 1383 1136 1464">
     <span class='ocr_line' id='line_1_11' title="bbox 317 1383 1136 1464; baseline 0 -20"><span class='ocrx_word' id='word_1_61' title='bbox 317 1386 420 1446; x_wconf 82' lang='lat' dir='ltr'><strong>Nonne</strong></span> <span class='ocrx_word' id='word_1_62' title='bbox 444 1394 528 1464; x_wconf 88' lang='lat' dir='ltr'><strong>putas</strong></span> <span class='ocrx_word' id='word_1_63' title='bbox 550 1383 672 1462; x_wconf 85' lang='lat' dir='ltr'><strong>meiius,</strong></span> <span class='ocrx_word' id='word_1_64' title='bbox 695 1383 772 1463; x_wconf 85' lang='lat' dir='ltr'><strong>quod</strong></span> <span class='ocrx_word' id='word_1_65' title='bbox 795 1391 891 1444; x_wconf 87' lang='lat' dir='ltr'><strong>tecum</strong></span> <span class='ocrx_word' id='word_1_66' title='bbox 914 1385 998 1462; x_wconf 92' lang='lat' dir='ltr'><strong>pusio</strong></span> <span class='ocrx_word' id='word_1_67' title='bbox 1021 1385 1136 1460; x_wconf 80' lang='lat' dir='ltr'><strong>dormit,</strong></span> 
     </span>
    </p>

    <p class='ocr_par' dir='ltr' id='par_1_12' title="bbox 317 1469 1017 1548">
     <span class='ocr_line' id='line_1_12' title="bbox 317 1469 1017 1548; baseline -0.001 -18"><span class='ocrx_word' id='word_1_68' title='bbox 317 1471 416 1546; x_wconf 87' lang='lat' dir='ltr'><strong>Pusio,</strong></span> <span class='ocrx_word' id='word_1_69' title='bbox 440 1471 489 1548; x_wconf 86' lang='lat' dir='ltr'><strong>qui</strong></span> <span class='ocrx_word' id='word_1_70' title='bbox 511 1480 598 1530; x_wconf 91' lang='lat' dir='ltr'><strong>noctu</strong></span> <span class='ocrx_word' id='word_1_71' title='bbox 619 1487 677 1529; x_wconf 93' lang='lat' dir='ltr'><strong>non</strong></span> <span class='ocrx_word' id='word_1_72' title='bbox 700 1469 810 1547; x_wconf 84' lang='lat' dir='ltr'><strong>litigat,</strong></span> <span class='ocrx_word' id='word_1_73' title='bbox 835 1469 927 1546; x_wconf 81' lang='lat' dir='ltr'><strong>exigit</strong></span> <span class='ocrx_word' id='word_1_74' title='bbox 949 1487 965 1529; x_wconf 89' lang='lat' dir='ltr'><strong>a</strong></span> <span class='ocrx_word' id='word_1_75' title='bbox 987 1479 1017 1529; x_wconf 90' lang='lat' dir='ltr'><strong>te</strong></span> 
     </span>
    </p>

    <p class='ocr_par' dir='ltr' id='par_1_13' title="bbox 316 1552 1183 1635">
     <span class='ocr_line' id='line_1_13' title="bbox 316 1552 1183 1635; baseline 0.003 -22"><span class='ocrx_word' id='word_1_76' title='bbox 316 1553 403 1615; x_wconf 85' lang='lat' dir='ltr'><strong>Nulla</strong></span> <span class='ocrx_word' id='word_1_77' title='bbox 427 1554 526 1615; x_wconf 90' lang='lat' dir='ltr'><strong>iacens</strong></span> <span class='ocrx_word' id='word_1_78' title='bbox 548 1552 628 1615; x_wconf 86' lang='lat' dir='ltr'><strong>billis</strong></span> <span class='ocrx_word' id='word_1_79' title='bbox 650 1552 836 1629; x_wconf 88' lang='lat' dir='ltr'><strong>munuscula,</strong></span> <span class='ocrx_word' id='word_1_80' title='bbox 859 1572 916 1613; x_wconf 88' lang='lat' dir='ltr'><strong>nec</strong></span> <span class='ocrx_word' id='word_1_81' title='bbox 935 1555 1081 1631; x_wconf 86' lang='lat' dir='ltr'><strong>queritur,</strong></span> <span class='ocrx_word' id='word_1_82' title='bbox 1106 1556 1183 1635; x_wconf 81' lang='lat' dir='ltr'><strong>qrrod</strong></span> 
     </span>
    </p>

    <p class='ocr_par' dir='ltr' id='par_1_14' title="bbox 318 1637 1095 1717">
     <span class='ocr_line' id='line_1_14' title="bbox 318 1637 1095 1717; baseline -0.001 -18"><span class='ocrx_word' id='word_1_83' title='bbox 318 1639 353 1699; x_wconf 85' lang='lat' dir='ltr'><strong>Et</strong></span> <span class='ocrx_word' id='word_1_84' title='bbox 376 1639 462 1700; x_wconf 84' lang='lat' dir='ltr'><strong>lateri</strong></span> <span class='ocrx_word' id='word_1_85' title='bbox 486 1657 589 1716; x_wconf 92' lang='lat' dir='ltr'><strong>parcas</strong></span> <span class='ocrx_word' id='word_1_86' title='bbox 612 1657 667 1698; x_wconf 92' lang='lat' dir='ltr'><strong>nec</strong></span> <span class='ocrx_word' id='word_1_87' title='bbox 689 1646 824 1717; x_wconf 86' lang='lat' dir='ltr'><strong>quantum</strong></span> <span class='ocrx_word' id='word_1_88' title='bbox 847 1638 930 1698; x_wconf 91' lang='lat' dir='ltr'><strong>iussit</strong></span> <span class='ocrx_word' id='word_1_89' title='bbox 953 1637 1095 1699; x_wconf 88' lang='lat' dir='ltr'><strong>anheles?</strong></span> 
     </span>
    </p>

    <p class='ocr_par' dir='ltr' id='par_1_15' title="bbox 316 1721 1092 1803">
     <span class='ocr_line' id='line_1_15' title="bbox 316 1721 1092 1803; baseline -0.001 -19"><span class='ocrx_word' id='word_1_90' title='bbox 316 1724 376 1784; x_wconf 87' lang='lat' dir='ltr'><strong>Sed</strong></span> <span class='ocrx_word' id='word_1_91' title='bbox 400 1723 498 1803; x_wconf 89' lang='lat' dir='ltr'><strong>piacet</strong></span> <span class='ocrx_word' id='word_1_92' title='bbox 521 1721 637 1784; x_wconf 82' lang='lat' dir='ltr'><strong>Ursidio</strong></span> <span class='ocrx_word' id='word_1_93' title='bbox 658 1722 709 1784; x_wconf 79' lang='lat' dir='ltr'><strong>lex</strong></span> <span class='ocrx_word' id='word_1_94' title='bbox 730 1721 819 1783; x_wconf 89' lang='lat' dir='ltr'><strong>iulia:</strong></span> <span class='ocrx_word' id='word_1_95' title='bbox 846 1722 954 1783; x_wconf 89' lang='lat' dir='ltr'><strong>toliere</strong></span> <span class='ocrx_word' id='word_1_96' title='bbox 975 1722 1092 1784; x_wconf 83' lang='lat' dir='ltr'><strong>dulcem</strong></span> 
     </span>
    </p>

    <p class='ocr_par' dir='ltr' id='par_1_16' title="bbox 317 1805 1128 1886">
     <span class='ocr_line' id='line_1_16' title="bbox 317 1805 1128 1886; baseline 0.001 -17"><span class='ocrx_word' id='word_1_97' title='bbox 317 1805 436 1886; x_wconf 74' lang='lat' dir='ltr'><strong>Cogitat</strong></span> <span class='ocrx_word' id='word_1_98' title='bbox 459 1806 615 1883; x_wconf 87' lang='lat' dir='ltr'><strong>heredem,</strong></span> <span class='ocrx_word' id='word_1_99' title='bbox 640 1808 782 1868; x_wconf 88' lang='lat' dir='ltr'><strong>cariturus</strong></span> <span class='ocrx_word' id='word_1_100' title='bbox 804 1816 916 1868; x_wconf 86' lang='lat' dir='ltr'><strong>turture</strong></span> <span class='ocrx_word' id='word_1_101' title='bbox 937 1824 1042 1885; x_wconf 80' lang='lat' dir='ltr'><strong>magno</strong></span> <span class='ocrx_word' id='word_1_102' title='bbox 1119 1854 1128 1870; x_wconf 85' lang='lat'><strong>.</strong></span> 
     </span>
    </p>

    <p class='ocr_par' dir='ltr' id='par_1_17' title="bbox 315 1892 1015 1971">
     <span class='ocr_line' id='line_1_17' title="bbox 315 1892 1015 1971; baseline -0.006 -17"><span class='ocrx_word' id='word_1_103' title='bbox 315 1892 531 1971; x_wconf 82' lang='lat' dir='ltr'><strong>liuiiorunrque</strong></span> <span class='ocrx_word' id='word_1_104' title='bbox 553 1892 628 1952; x_wconf 88' lang='lat' dir='ltr'><strong>iubis</strong></span> <span class='ocrx_word' id='word_1_105' title='bbox 652 1906 681 1952; x_wconf 86' lang='lat' dir='ltr'><strong>et</strong></span> <span class='ocrx_word' id='word_1_106' title='bbox 703 1901 856 1970; x_wconf 78' lang='lat' dir='ltr'><strong>captatore</strong></span> <span class='ocrx_word' id='word_1_107' title='bbox 878 1892 1015 1953; x_wconf 86' lang='lat' dir='ltr'><strong>macello.</strong></span> 
     </span>
    </p>

    <p class='ocr_par' dir='ltr' id='par_1_18' title="bbox 317 1976 1081 2056">
     <span class='ocr_line' id='line_1_18' title="bbox 317 1976 1081 2056; baseline 0 -18"><span class='ocrx_word' id='word_1_108' title='bbox 317 1977 392 2052; x_wconf 83' lang='lat' dir='ltr'><strong>Quid</strong></span> <span class='ocrx_word' id='word_1_109' title='bbox 416 1977 479 2037; x_wconf 88' lang='lat' dir='ltr'><strong>deri</strong></span> <span class='ocrx_word' id='word_1_110' title='bbox 502 1993 560 2037; x_wconf 92' lang='lat' dir='ltr'><strong>non</strong></span> <span class='ocrx_word' id='word_1_111' title='bbox 583 1995 674 2055; x_wconf 89' lang='lat' dir='ltr'><strong>posse</strong></span> <span class='ocrx_word' id='word_1_112' title='bbox 697 1986 800 2055; x_wconf 88' lang='lat' dir='ltr'><strong>putes,</strong></span> <span class='ocrx_word' id='word_1_113' title='bbox 823 1976 848 2036; x_wconf 89' lang='lat' dir='ltr'><strong>si</strong></span> <span class='ocrx_word' id='word_1_114' title='bbox 872 1977 999 2056; x_wconf 81' lang='lat' dir='ltr'><strong>iungitur</strong></span> <span class='ocrx_word' id='word_1_115' title='bbox 1020 1976 1081 2039; x_wconf 81' lang='lat' dir='ltr'><strong>utta</strong></span> 
     </span>
    </p>

    <p class='ocr_par' dir='ltr' id='par_1_19' title="bbox 317 2059 994 2123">
     <span class='ocr_line' id='line_1_19' title="bbox 317 2059 994 2123; baseline 0 -1"><span class='ocrx_word' id='word_1_116' title='bbox 317 2059 455 2122; x_wconf 90' lang='lat' dir='ltr'><strong>Ursidio?</strong></span> <span class='ocrx_word' id='word_1_117' title='bbox 477 2062 502 2121; x_wconf 90' lang='lat' dir='ltr'><strong>si</strong></span> <span class='ocrx_word' id='word_1_118' title='bbox 524 2062 713 2123; x_wconf 87' lang='lat' dir='ltr'><strong>moechorum</strong></span> <span class='ocrx_word' id='word_1_119' title='bbox 735 2062 902 2121; x_wconf 87' lang='lat' dir='ltr'><strong>notissimus</strong></span> <span class='ocrx_word' id='word_1_120' title='bbox 926 2060 994 2122; x_wconf 88' lang='lat' dir='ltr'><strong>oiim</strong></span> 
     </span>
    </p>

    <p class='ocr_par' dir='ltr' id='par_1_20' title="bbox 317 2147 1027 2226">
     <span class='ocr_line' id='line_1_20' title="bbox 317 2147 1027 2226; baseline -0.001 -19"><span class='ocrx_word' id='word_1_121' title='bbox 317 2147 411 2207; x_wconf 88' lang='lat' dir='ltr'><strong>Stulta</strong></span> <span class='ocrx_word' id='word_1_122' title='bbox 436 2147 559 2208; x_wconf 86' lang='lat' dir='ltr'><strong>maritali</strong></span> <span class='ocrx_word' id='word_1_123' title='bbox 583 2148 637 2207; x_wconf 88' lang='lat' dir='ltr'><strong>iarn</strong></span> <span class='ocrx_word' id='word_1_124' title='bbox 661 2147 785 2225; x_wconf 83' lang='lat' dir='ltr'><strong>porrigit</strong></span> <span class='ocrx_word' id='word_1_125' title='bbox 808 2164 859 2207; x_wconf 88' lang='lat' dir='ltr'><strong>ora</strong></span> <span class='ocrx_word' id='word_1_126' title='bbox 886 2149 1027 2226; x_wconf 86' lang='lat' dir='ltr'><strong>capistro,</strong></span> 
     </span>
    </p>

    <p class='ocr_par' dir='ltr' id='par_1_21' title="bbox 317 2228 991 2312">
     <span class='ocr_line' id='line_1_21' title="bbox 317 2228 991 2312; baseline 0 -21"><span class='ocrx_word' id='word_1_127' title='bbox 317 2230 411 2306; x_wconf 87' lang='lat' dir='ltr'><strong>Quem</strong></span> <span class='ocrx_word' id='word_1_128' title='bbox 434 2231 521 2293; x_wconf 90' lang='lat' dir='ltr'><strong>toties</strong></span> <span class='ocrx_word' id='word_1_129' title='bbox 543 2232 617 2292; x_wconf 81' lang='lat' dir='ltr'><strong>texit</strong></span> <span class='ocrx_word' id='word_1_130' title='bbox 641 2232 761 2312; x_wconf 84' lang='lat' dir='ltr'><strong>perituri</strong></span> <span class='ocrx_word' id='word_1_131' title='bbox 785 2233 857 2293; x_wconf 83' lang='lat' dir='ltr'><strong>cista</strong></span> <span class='ocrx_word' id='word_1_132' title='bbox 879 2228 991 2293; x_wconf 82' lang='lat' dir='ltr'><strong>Latini?</strong></span> 
     </span>
    </p>

    <p class='ocr_par' dir='ltr' id='par_1_22' title="bbox 317 2315 1061 2396">
     <span class='ocr_line' id='line_1_22' title="bbox 317 2315 1061 2396; baseline -0.001 -20"><span class='ocrx_word' id='word_1_133' title='bbox 317 2315 391 2390; x_wconf 84' lang='lat' dir='ltr'><strong>Quid</strong></span> <span class='ocrx_word' id='word_1_134' title='bbox 417 2317 494 2396; x_wconf 85' lang='lat' dir='ltr'><strong>quod</strong></span> <span class='ocrx_word' id='word_1_135' title='bbox 519 2326 548 2376; x_wconf 93' lang='lat' dir='ltr'><strong>et</strong></span> <span class='ocrx_word' id='word_1_136' title='bbox 569 2318 693 2396; x_wconf 79' lang='lat' dir='ltr'><strong>antiquis</strong></span> <span class='ocrx_word' id='word_1_137' title='bbox 716 2333 791 2376; x_wconf 84' lang='lat' dir='ltr'><strong>uxor</strong></span> <span class='ocrx_word' id='word_1_138' title='bbox 810 2318 847 2378; x_wconf 93' lang='lat' dir='ltr'><strong>de</strong></span> <span class='ocrx_word' id='word_1_139' title='bbox 869 2316 997 2378; x_wconf 90' lang='lat' dir='ltr'><strong>moribus</strong></span> <span class='ocrx_word' id='word_1_140' title='bbox 1020 2317 1061 2377; x_wconf 86' lang='lat' dir='ltr'><strong>iili</strong></span> 
     </span>
    </p>

    <p class='ocr_par' dir='ltr' id='par_1_23' title="bbox 316 2398 1146 2481">
     <span class='ocr_line' id='line_1_23' title="bbox 316 2398 1146 2481; baseline 0.004 -20"><span class='ocrx_word' id='word_1_141' title='bbox 316 2398 494 2475; x_wconf 83' lang='lat' dir='ltr'><strong>Quaeritur?</strong></span> <span class='ocrx_word' id='word_1_142' title='bbox 521 2417 539 2460; x_wconf 95' lang='lat' dir='ltr'><strong>o</strong></span> <span class='ocrx_word' id='word_1_143' title='bbox 562 2402 684 2477; x_wconf 86' lang='lat' dir='ltr'><strong>medici,</strong></span> <span class='ocrx_word' id='word_1_144' title='bbox 708 2402 821 2462; x_wconf 89' lang='lat' dir='ltr'><strong>nimiam</strong></span> <span class='ocrx_word' id='word_1_145' title='bbox 842 2401 1007 2481; x_wconf 87' lang='lat' dir='ltr'><strong>pertundite</strong></span> <span class='ocrx_word' id='word_1_146' title='bbox 1029 2406 1146 2464; x_wconf 84' lang='lat' dir='ltr'><strong>venam!</strong></span> 
     </span>
    </p>

    <p class='ocr_par' dir='ltr' id='par_1_24' title="bbox 316 2484 1006 2564">
     <span class='ocr_line' id='line_1_24' title="bbox 316 2484 1006 2564; baseline 0.003 -19"><span class='ocrx_word' id='word_1_147' title='bbox 316 2485 447 2546; x_wconf 86' lang='lat' dir='ltr'><strong>Delicias</strong></span> <span class='ocrx_word' id='word_1_148' title='bbox 469 2484 604 2546; x_wconf 82' lang='lat' dir='ltr'><strong>bominis!</strong></span> <span class='ocrx_word' id='word_1_149' title='bbox 630 2485 785 2564; x_wconf 87' lang='lat' dir='ltr'><strong>Tarpeium</strong></span> <span class='ocrx_word' id='word_1_150' title='bbox 807 2487 894 2547; x_wconf 90' lang='lat' dir='ltr'><strong>limen</strong></span> <span class='ocrx_word' id='word_1_151' title='bbox 916 2487 1006 2547; x_wconf 91' lang='lat' dir='ltr'><strong>adora</strong></span> 
     </span>
    </p>

    <p class='ocr_par' dir='ltr' id='par_1_25' title="bbox 317 2569 1055 2648">
     <span class='ocr_line' id='line_1_25' title="bbox 317 2569 1055 2648; baseline 0.001 -18"><span class='ocrx_word' id='word_1_152' title='bbox 317 2569 428 2630; x_wconf 85' lang='lat' dir='ltr'><strong>Pronus</strong></span> <span class='ocrx_word' id='word_1_153' title='bbox 452 2580 481 2630; x_wconf 90' lang='lat' dir='ltr'><strong>et</strong></span> <span class='ocrx_word' id='word_1_154' title='bbox 502 2580 631 2632; x_wconf 87' lang='lat' dir='ltr'><strong>auratam</strong></span> <span class='ocrx_word' id='word_1_155' title='bbox 652 2570 753 2631; x_wconf 85' lang='lat' dir='ltr'><strong>Iunoni</strong></span> <span class='ocrx_word' id='word_1_156' title='bbox 777 2572 870 2632; x_wconf 92' lang='lat' dir='ltr'><strong>caede</strong></span> <span class='ocrx_word' id='word_1_157' title='bbox 892 2573 1055 2648; x_wconf 86' lang='lat' dir='ltr'><strong>iuvencam,</strong></span> 
     </span>
    </p>

    <p class='ocr_par' dir='ltr' id='par_1_26' title="bbox 316 2654 1012 2736">
     <span class='ocr_line' id='line_1_26' title="bbox 316 2654 1012 2736; baseline 0 -21"><span class='ocrx_word' id='word_1_158' title='bbox 316 2657 347 2715; x_wconf 89' lang='lat' dir='ltr'><strong>Si</strong></span> <span class='ocrx_word' id='word_1_159' title='bbox 370 2654 422 2715; x_wconf 88' lang='lat' dir='ltr'><strong>tibi</strong></span> <span class='ocrx_word' id='word_1_160' title='bbox 446 2656 601 2733; x_wconf 84' lang='lat' dir='ltr'><strong>contigerit</strong></span> <span class='ocrx_word' id='word_1_161' title='bbox 624 2656 728 2733; x_wconf 89' lang='lat' dir='ltr'><strong>eapitis</strong></span> <span class='ocrx_word' id='word_1_162' title='bbox 750 2666 880 2716; x_wconf 86' lang='lat' dir='ltr'><strong>matrona</strong></span> <span class='ocrx_word' id='word_1_163' title='bbox 905 2657 1012 2736; x_wconf 90' lang='lat' dir='ltr'><strong>pudici.</strong></span> 
     </span>
    </p>

    <p class='ocr_par' dir='ltr' id='par_1_27' title="bbox 317 2738 1108 2819">
     <span class='ocr_line' id='line_1_27' title="bbox 317 2738 1108 2819; baseline 0.004 -19"><span class='ocrx_word' id='word_1_164' title='bbox 317 2739 431 2800; x_wconf 88' lang='lat' dir='ltr'><strong>Paucae</strong></span> <span class='ocrx_word' id='word_1_165' title='bbox 454 2740 534 2800; x_wconf 90' lang='lat' dir='ltr'><strong>adeo</strong></span> <span class='ocrx_word' id='word_1_166' title='bbox 553 2738 671 2800; x_wconf 81' lang='lat' dir='ltr'><strong>Cereris</strong></span> <span class='ocrx_word' id='word_1_167' title='bbox 692 2742 776 2800; x_wconf 84' lang='lat' dir='ltr'><strong>vittas</strong></span> <span class='ocrx_word' id='word_1_168' title='bbox 798 2743 970 2819; x_wconf 79' lang='lat' dir='ltr'><strong>contingere</strong></span> <span class='ocrx_word' id='word_1_169' title='bbox 993 2740 1108 2819; x_wconf 79' lang='lat' dir='ltr'><strong>dignae,</strong></span> 
     </span>
    </p>

    <p class='ocr_par' dir='ltr' id='par_1_28' title="bbox 317 2823 1184 2904">
     <span class='ocr_line' id='line_1_28' title="bbox 317 2823 1184 2904; baseline 0.002 -21"><span class='ocrx_word' id='word_1_170' title='bbox 317 2823 444 2897; x_wconf 83' lang='lat' dir='ltr'><strong>Quarnnr</strong></span> <span class='ocrx_word' id='word_1_171' title='bbox 466 2841 523 2884; x_wconf 93' lang='lat' dir='ltr'><strong>non</strong></span> <span class='ocrx_word' id='word_1_172' title='bbox 545 2825 644 2885; x_wconf 88' lang='lat' dir='ltr'><strong>timeat</strong></span> <span class='ocrx_word' id='word_1_173' title='bbox 665 2834 750 2904; x_wconf 89' lang='lat' dir='ltr'><strong>pater</strong></span> <span class='ocrx_word' id='word_1_174' title='bbox 772 2826 883 2886; x_wconf 90' lang='lat' dir='ltr'><strong>oscula.</strong></span> <span class='ocrx_word' id='word_1_175' title='bbox 929 2824 1022 2886; x_wconf 87' lang='lat' dir='ltr'><strong>Necte</strong></span> <span class='ocrx_word' id='word_1_176' title='bbox 1047 2844 1184 2886; x_wconf 85' lang='lat' dir='ltr'><strong>coronam</strong></span> 
     </span>
    </p>

    <p class='ocr_par' dir='ltr' id='par_1_29' title="bbox 318 2908 1133 2989">
     <span class='ocr_line' id='line_1_29' title="bbox 318 2908 1133 2989; baseline 0.005 -22"><span class='ocrx_word' id='word_1_177' title='bbox 318 2908 452 2969; x_wconf 84' lang='lat' dir='ltr'><strong>Postibus</strong></span> <span class='ocrx_word' id='word_1_178' title='bbox 475 2917 506 2970; x_wconf 89' lang='lat' dir='ltr'><strong>et</strong></span> <span class='ocrx_word' id='word_1_179' title='bbox 528 2910 636 2969; x_wconf 88' lang='lat' dir='ltr'><strong>densos</strong></span> <span class='ocrx_word' id='word_1_180' title='bbox 659 2928 713 2989; x_wconf 90' lang='lat' dir='ltr'><strong>per</strong></span> <span class='ocrx_word' id='word_1_181' title='bbox 735 2910 829 2971; x_wconf 86' lang='lat' dir='ltr'><strong>iimina</strong></span> <span class='ocrx_word' id='word_1_182' title='bbox 853 2911 940 2970; x_wconf 81' lang='lat' dir='ltr'><strong>tende</strong></span> <span class='ocrx_word' id='word_1_183' title='bbox 963 2911 1133 2986; x_wconf 79' lang='lat' dir='ltr'><strong>corymbos!</strong></span> 
     </span>
    </p>

    <p class='ocr_par' dir='ltr' id='par_1_30' title="bbox 319 2991 992 3056">
     <span class='ocr_line' id='line_1_30' title="bbox 319 2991 992 3056; baseline 0.004 -3"><span class='ocrx_word' id='word_1_184' title='bbox 319 2992 394 3053; x_wconf 87' lang='lat' dir='ltr'><strong>Unus</strong></span> <span class='ocrx_word' id='word_1_185' title='bbox 417 2991 575 3054; x_wconf 87' lang='lat' dir='ltr'><strong>Hiberinae</strong></span> <span class='ocrx_word' id='word_1_186' title='bbox 597 2996 641 3053; x_wconf 89' lang='lat' dir='ltr'><strong>vir</strong></span> <span class='ocrx_word' id='word_1_187' title='bbox 663 2992 791 3055; x_wconf 86' lang='lat' dir='ltr'><strong>suidcit?</strong></span> <span class='ocrx_word' id='word_1_188' title='bbox 817 2998 900 3055; x_wconf 92' lang='lat' dir='ltr'><strong>ocius</strong></span> <span class='ocrx_word' id='word_1_189' title='bbox 923 2995 992 3056; x_wconf 88' lang='lat' dir='ltr'><strong>iilud</strong></span> 
     </span>
    </p>

    <p class='ocr_par' dir='ltr' id='par_1_31' title="bbox 317 3076 1103 3157">
     <span class='ocr_line' id='line_1_31' title="bbox 317 3076 1103 3157; baseline 0.003 -20"><span class='ocrx_word' id='word_1_190' title='bbox 317 3076 531 3157; x_wconf 84' lang='lat' dir='ltr'><strong>Extorquebis,</strong></span> <span class='ocrx_word' id='word_1_191' title='bbox 556 3089 585 3137; x_wconf 91' lang='lat' dir='ltr'><strong>ut</strong></span> <span class='ocrx_word' id='word_1_192' title='bbox 609 3078 683 3139; x_wconf 88' lang='lat' dir='ltr'><strong>haec</strong></span> <span class='ocrx_word' id='word_1_193' title='bbox 706 3079 793 3139; x_wconf 89' lang='lat' dir='ltr'><strong>oculo</strong></span> <span class='ocrx_word' id='word_1_194' title='bbox 816 3090 951 3141; x_wconf 89' lang='lat' dir='ltr'><strong>contenta</strong></span> <span class='ocrx_word' id='word_1_195' title='bbox 975 3081 1012 3141; x_wconf 90' lang='lat' dir='ltr'><strong>sit</strong></span> <span class='ocrx_word' id='word_1_196' title='bbox 1034 3097 1103 3139; x_wconf 92' lang='lat' dir='ltr'><strong>uno.</strong></span> 
     </span>
    </p>

    <p class='ocr_par' dir='ltr' id='par_1_32' title="bbox 319 3161 1109 3243">
     <span class='ocr_line' id='line_1_32' title="bbox 319 3161 1109 3243; baseline 0.004 -22"><span class='ocrx_word' id='word_1_197' title='bbox 319 3161 419 3240; x_wconf 80' lang='lat' dir='ltr'><strong>Magna</strong></span> <span class='ocrx_word' id='word_1_198' title='bbox 443 3172 536 3223; x_wconf 89' lang='lat' dir='ltr'><strong>tamen</strong></span> <span class='ocrx_word' id='word_1_199' title='bbox 560 3163 634 3222; x_wconf 87' lang='lat' dir='ltr'><strong>iama</strong></span> <span class='ocrx_word' id='word_1_200' title='bbox 657 3173 701 3222; x_wconf 91' lang='lat' dir='ltr'><strong>est</strong></span> <span class='ocrx_word' id='word_1_201' title='bbox 725 3164 873 3225; x_wconf 84' lang='lat' dir='ltr'><strong>cuiusdam</strong></span> <span class='ocrx_word' id='word_1_202' title='bbox 896 3184 962 3225; x_wconf 88' lang='lat' dir='ltr'><strong>rure</strong></span> <span class='ocrx_word' id='word_1_203' title='bbox 986 3174 1109 3243; x_wconf 87' lang='lat' dir='ltr'><strong>paterno</strong></span> 
     </span>
    </p>

    <p class='ocr_par' dir='ltr' id='par_1_33' title="bbox 319 3245 1016 3328">
     <span class='ocr_line' id='line_1_33' title="bbox 319 3245 1016 3328; baseline 0.006 -23"><span class='ocrx_word' id='word_1_204' title='bbox 319 3245 470 3307; x_wconf 84' lang='lat' dir='ltr'><strong>Viventis?</strong></span> <span class='ocrx_word' id='word_1_205' title='bbox 491 3249 569 3307; x_wconf 86' lang='lat' dir='ltr'><strong>vivat</strong></span> <span class='ocrx_word' id='word_1_206' title='bbox 594 3246 711 3321; x_wconf 82' lang='lat' dir='ltr'><strong>Gabiis,</strong></span> <span class='ocrx_word' id='word_1_207' title='bbox 737 3258 767 3307; x_wconf 88' lang='lat' dir='ltr'><strong>ut</strong></span> <span class='ocrx_word' id='word_1_208' title='bbox 789 3250 860 3309; x_wconf 85' lang='lat' dir='ltr'><strong>vixit</strong></span> <span class='ocrx_word' id='word_1_209' title='bbox 883 3251 910 3308; x_wconf 93' lang='lat' dir='ltr'><strong>in</strong></span> <span class='ocrx_word' id='word_1_210' title='bbox 933 3267 1016 3328; x_wconf 83' lang='lat' dir='ltr'><strong>agro,</strong></span> 
     </span>
    </p>

    <p class='ocr_par' dir='ltr' id='par_1_34' title="bbox 319 3330 988 3412">
     <span class='ocr_line' id='line_1_34' title="bbox 319 3330 988 3412; baseline 0.007 -24"><span class='ocrx_word' id='word_1_211' title='bbox 319 3331 401 3391; x_wconf 82' lang='lat' dir='ltr'><strong>Vivat</strong></span> <span class='ocrx_word' id='word_1_212' title='bbox 424 3330 559 3406; x_wconf 83' lang='lat' dir='ltr'><strong>Fidenis,</strong></span> <span class='ocrx_word' id='word_1_213' title='bbox 583 3341 612 3391; x_wconf 88' lang='lat' dir='ltr'><strong>et</strong></span> <span class='ocrx_word' id='word_1_214' title='bbox 633 3333 732 3411; x_wconf 84' lang='lat' dir='ltr'><strong>agelio</strong></span> <span class='ocrx_word' id='word_1_215' title='bbox 757 3333 831 3393; x_wconf 91' lang='lat' dir='ltr'><strong>cedo</strong></span> <span class='ocrx_word' id='word_1_216' title='bbox 855 3343 988 3412; x_wconf 93' lang='lat' dir='ltr'><strong>paterno.</strong></span> 
     </span>
    </p>

    <p class='ocr_par' dir='ltr' id='par_1_35' title="bbox 319 3414 1183 3493">
     <span class='ocr_line' id='line_1_35' title="bbox 319 3414 1183 3493; baseline 0.005 -19"><span class='ocrx_word' id='word_1_217' title='bbox 319 3414 388 3488; x_wconf 87' lang='lat' dir='ltr'><strong>Quis</strong></span> <span class='ocrx_word' id='word_1_218' title='bbox 411 3425 508 3477; x_wconf 89' lang='lat' dir='ltr'><strong>tamen</strong></span> <span class='ocrx_word' id='word_1_219' title='bbox 530 3416 669 3493; x_wconf 83' lang='lat' dir='ltr'><strong>affirmat,</strong></span> <span class='ocrx_word' id='word_1_220' title='bbox 693 3416 733 3478; x_wconf 88' lang='lat' dir='ltr'><strong>nil</strong></span> <span class='ocrx_word' id='word_1_221' title='bbox 755 3428 850 3478; x_wconf 87' lang='lat' dir='ltr'><strong>actum</strong></span> <span class='ocrx_word' id='word_1_222' title='bbox 872 3421 899 3478; x_wconf 90' lang='lat' dir='ltr'><strong>in</strong></span> <span class='ocrx_word' id='word_1_223' title='bbox 922 3417 1066 3480; x_wconf 86' lang='lat' dir='ltr'><strong>montibus</strong></span> <span class='ocrx_word' id='word_1_224' title='bbox 1088 3428 1136 3478; x_wconf 89' lang='lat' dir='ltr'><strong>aut</strong></span> <span class='ocrx_word' id='word_1_225' title='bbox 1157 3420 1183 3478; x_wconf 91' lang='lat' dir='ltr'><strong>iu</strong></span> 
     </span>
    </p>

    <p class='ocr_par' dir='ltr' id='par_1_36' title="bbox 319 3499 1311 3650">
     <span class='ocr_line' id='line_1_36' title="bbox 319 3499 1105 3582; baseline 0.003 -23"><span class='ocrx_word' id='word_1_226' title='bbox 319 3499 495 3577; x_wconf 76' lang='lat' dir='ltr'><strong>Speluncis?</strong></span> <span class='ocrx_word' id='word_1_227' title='bbox 515 3500 591 3562; x_wconf 90' lang='lat' dir='ltr'><strong>adeo</strong></span> <span class='ocrx_word' id='word_1_228' title='bbox 616 3513 774 3562; x_wconf 87' lang='lat' dir='ltr'><strong>senuerunt</strong></span> <span class='ocrx_word' id='word_1_229' title='bbox 800 3502 931 3582; x_wconf 89' lang='lat' dir='ltr'><strong>luppiter</strong></span> <span class='ocrx_word' id='word_1_230' title='bbox 956 3513 985 3563; x_wconf 97' lang='lat' dir='ltr'><strong>et</strong></span> <span class='ocrx_word' id='word_1_231' title='bbox 1007 3502 1105 3563; x_wconf 79' lang='lat' dir='ltr'><strong>biars?</strong></span> 
     </span>
     <span class='ocr_line' id='line_1_37' title="bbox 359 3584 1311 3650; baseline 0.005 -5"><span class='ocrx_word' id='word_1_232' title='bbox 359 3584 559 3647; x_wconf 86' lang='lat' dir='ltr'><strong>Porticibusne</strong></span> <span class='ocrx_word' id='word_1_233' title='bbox 585 3586 635 3646; x_wconf 89' lang='lat' dir='ltr'><strong>tibi</strong></span> <span class='ocrx_word' id='word_1_234' title='bbox 657 3597 832 3648; x_wconf 87' lang='lat' dir='ltr'><strong>monstratur</strong></span> <span class='ocrx_word' id='word_1_235' title='bbox 854 3588 959 3648; x_wconf 84' lang='lat' dir='ltr'><strong>iernina</strong></span> <span class='ocrx_word' id='word_1_236' title='bbox 983 3597 1053 3647; x_wconf 89' lang='lat' dir='ltr'><strong>voto</strong></span> <span class='ocrx_word' id='word_1_237' title='bbox 1276 3597 1311 3650; x_wconf 84' lang='lat'><strong>60</strong></span> 
     </span>
    </p>

    <p class='ocr_par' dir='ltr' id='par_1_37' title="bbox 321 3668 1106 3751">
     <span class='ocr_line' id='line_1_38' title="bbox 321 3668 1106 3751; baseline 0.005 -25"><span class='ocrx_word' id='word_1_238' title='bbox 321 3668 410 3747; x_wconf 80' lang='lat' dir='ltr'><strong>Digna</strong></span> <span class='ocrx_word' id='word_1_239' title='bbox 433 3668 505 3730; x_wconf 88' lang='lat' dir='ltr'><strong>tuo?</strong></span> <span class='ocrx_word' id='word_1_240' title='bbox 529 3672 629 3731; x_wconf 87' lang='lat' dir='ltr'><strong>cuneis</strong></span> <span class='ocrx_word' id='word_1_241' title='bbox 652 3691 687 3732; x_wconf 89' lang='lat' dir='ltr'><strong>an</strong></span> <span class='ocrx_word' id='word_1_242' title='bbox 711 3672 818 3733; x_wconf 90' lang='lat' dir='ltr'><strong>habent</strong></span> <span class='ocrx_word' id='word_1_243' title='bbox 842 3672 1013 3751; x_wconf 84' lang='lat' dir='ltr'><strong>spectacula</strong></span> <span class='ocrx_word' id='word_1_244' title='bbox 1036 3672 1106 3731; x_wconf 88' lang='lat' dir='ltr'><strong>totis</strong></span> 
     </span>
    </p>

    <p class='ocr_par' dir='ltr' id='par_1_38' title="bbox 321 3753 1245 3837">
     <span class='ocr_line' id='line_1_39' title="bbox 321 3753 1245 3837; baseline 0.002 -25"><span class='ocrx_word' id='word_1_245' title='bbox 321 3753 400 3824; x_wconf 91' lang='lat' dir='ltr'><strong>Quod</strong></span> <span class='ocrx_word' id='word_1_246' title='bbox 423 3773 546 3816; x_wconf 87' lang='lat' dir='ltr'><strong>securus</strong></span> <span class='ocrx_word' id='word_1_247' title='bbox 568 3774 664 3831; x_wconf 85' lang='lat' dir='ltr'><strong>ames,</strong></span> <span class='ocrx_word' id='word_1_248' title='bbox 690 3757 827 3837; x_wconf 87' lang='lat' dir='ltr'><strong>quodque</strong></span> <span class='ocrx_word' id='word_1_249' title='bbox 849 3757 916 3817; x_wconf 86' lang='lat' dir='ltr'><strong>inde</strong></span> <span class='ocrx_word' id='word_1_250' title='bbox 939 3773 1104 3835; x_wconf 83' lang='lat' dir='ltr'><strong>excerpere</strong></span> <span class='ocrx_word' id='word_1_251' title='bbox 1128 3754 1245 3833; x_wconf 88' lang='lat' dir='ltr'><strong>possis?</strong></span> 
     </span>
    </p>
   </div>
   <div class='ocr_carea' id='block_1_3' title="bbox 0 0 1727 4575">
    <p class='ocr_par' dir='ltr' id='par_1_39' title="bbox 0 0 1727 4575">
     <span class='ocr_line' id='line_1_40' title="bbox 0 0 1727 4575; baseline 0 0"><span class='ocrx_word' id='word_1_252' title='bbox 0 0 1727 4575; x_wconf 95' lang='lat' dir='ltr'><strong> </strong></span> 
     </span>
    </p>
   </div>
  </div>
 </body>
</html>
