3434 4575
555 484 897 547 EPIGRAMMATON
910 484 984 546 LIB.
1000 487 1050 548 lX.
1262 485 1326 551 205

365 641 427 701 Iam
445 638 623 718 paedagogo
637 637 787 698 liberatus
803 644 835 697 et
853 640 938 698 cuius

364 722 552 783 Refibulavit
565 721 723 800 turgidum
737 723 827 781 faber
841 741 970 802 penem:

365 807 449 867 Nutu
463 813 603 866 vocatum
618 804 720 884 ducis,
740 812 772 865 et
786 805 884 885 pudet
897 806 957 864 fari

364 892 552 967 Catoniana,
573 889 726 968 Chresto,
749 887 832 968 quod
845 889 923 948 facia
936 888 1049 968 lingua.

364 1136 462 1196 Dulce
478 1134 572 1193 decus
588 1151 715 1211 scenae,
736 1131 880 1194 ludorum
893 1134 990 1210 fama,
1007 1132 1136 1193 Latinus

407 1218 465 1279 llle
481 1237 538 1297 ego
554 1237 637 1295 sum,
657 1215 784 1296 plausus
800 1216 996 1296 deliciaeque
1013 1223 1103 1293 tuae3

365 1304 425 1381 Qui
441 1307 648 1382 spectatorem
662 1303 750 1381 potui
764 1302 878 1362 fecisse
895 1301 1060 1379 Catonem,

406 1385 535 1447 Solvere
556 1386 607 1463 qui
623 1386 734 1446 Curios
747 1385 972 1464 Fabriciosque
988 1404 1104 1463 graves.

339 1471 428 1532 used
442 1467 522 1529 nihil
537 1490 554 1528 a
567 1475 674 1529 nostro
690 1471 820 1549 sumpsit
833 1487 902 1529 mea
915 1470 979 1536 uita
993 1469 1117 1531 theatro
1152 1498 1155 1503 Δ

404 1555 446 1615 Et
460 1553 527 1614 sola
541 1558 661 1613 tantum
675 1555 816 1613 scenicus
831 1560 899 1613 arte
914 1553 1010 1613 feror.

362 1641 427 1700 Nec
441 1644 582 1718 poteram
597 1643 702 1715 gratus
718 1636 841 1696 domino
857 1639 924 1696 sine
938 1637 1074 1697 moribus
1089 1656 1174 1699 csse:

403 1724 537 1783 Interius
551 1727 672 1780 mentes
686 1721 812 1799 inspicit
825 1718 879 1780 ille
895 1720 981 1781 deus.

365 1807 430 1868 Vos
444 1825 494 1866 me
509 1803 660 1883 laurigeri
675 1805 843 1883 parasitum
859 1802 953 1863 dicite
967 1803 1104 1883 Phoebi,

322 1902 357 1953 10
404 1891 500 1949 Roma
515 1890 563 1949 sui
577 1886 723 1948 famulum
739 1887 810 1947 dum
827 1887 905 1946 sciat
919 1905 988 1947 esse
1003 1887 1091 1951 Iovis.

747 2028 856 2088 XXIX.

363 2145 492 2207 Saecula
505 2144 678 2203 Nestoreae
690 2159 872 2221 permensa,
893 2139 1050 2220 Philaeni,
1072 2152 1235 2223 senectae,

310 2276 311 2279 ,
404 2232 504 2310 Rapta
522 2245 556 2286 ca
572 2224 611 2285 ad
624 2225 764 2286 infernas
777 2230 839 2283 tam
855 2224 918 2284 cito
933 2225 1013 2285 Ditis
1031 2222 1149 2306 aquas?

363 2316 521 2374 Euboicae
536 2310 672 2371 nondum
686 2311 869 2370 numerabas
883 2308 975 2388 longa
992 2310 1131 2391 Sibyllae

408 2398 579 2474 Tempora:
601 2397 699 2455 maior
714 2400 782 2454 erat
796 2395 954 2454 mensibus
968 2393 1024 2454 illa
1037 2398 1147 2458 tribus.

341 2481 436 2540 5ch
451 2497 530 2557 quae
542 2475 647 2556 lingua
662 2477 749 2537 silet!
771 2498 833 2537 non
848 2477 932 2538 illam
947 2478 1033 2538 mille
1048 2485 1182 2540 catastae

407 2563 599 2639 Vincebant,
621 2579 680 2620 nec
696 2580 774 2641 quae
790 2563 881 2621 turba
898 2562 1028 2643 Sarapin
1043 2570 1139 2640 amat3

364 2647 430 2707 Nec
447 2644 590 2706 matutini
604 2646 719 2706 cirrata
733 2652 857 2706 caterva
873 2645 1029 2724 magistri,

409 2732 473 2791 Nec
489 2748 567 2809 quae
582 2728 759 2808 Strymonio
775 2728 815 2789 de
832 2748 927 2808 grege
940 2731 1008 2809 ripa
1023 2737 1120 2791 sonat.

367 2816 451 2892 Quae
467 2833 547 2873 nunc
563 2812 745 2873 Thessalico
760 2811 864 2873 lunam
880 2811 1035 2874 deducere
1052 2816 1200 2895 rhombo,
1223 2885 1224 2888 Ἴ

324 2908 358 2961 10
406 2900 491 2976 Quae
505 2899 585 2958 sciet
598 2899 656 2957 hoa
669 2896 740 2957 illos
757 2896 895 2958 vendere
909 2899 981 2960 lena
995 2899 1104 2959 torosi
1128 2934 1133 2949 ι

367 2983 416 3044 Sit
428 2984 486 3043 tibi
501 2988 587 3042 terra
603 2981 683 3042 levis
699 2979 848 3059 mollique
864 2984 980 3061 tegaris
995 2984 1127 3063 harena,

407 3066 454 3127 Nc
468 3073 521 3126 tua
535 3067 732 3147 nonpossint
746 3083 858 3125 eruere
875 3086 944 3127 ossa
959 3086 1060 3128 canes.

758 3199 854 3260 XXX.
905 3251 911 3259 .

365 3312 583 3392 Cappadocum
598 3314 696 3371 saevis
711 3313 864 3372 Antistius
881 3312 995 3373 occidit
1010 3314 1073 3372 oris
1141 3354 1143 3358 r

406 3396 561 3456 Rusticus.
592 3393 618 3452 0
633 3395 717 3453 tristi
733 3396 861 3454 crimine
875 3401 961 3454 terra
975 3395 1105 3455 nocens!

365 3477 500 3537 Rettulit
514 3496 583 3535 ossa
597 3477 667 3535 sinu
682 3477 745 3536 cari
759 3478 887 3554 Nigrina
901 3480 1004 3539 mariti

411 3561 453 3621 Et
470 3565 580 3639 questa
594 3565 643 3619 est
657 3557 767 3639 longas
783 3579 846 3619 non
861 3564 935 3622 satis
950 3580 1019 3622 esse
1033 3563 1114 3637 vias3
1138 3569 1143 3579 '
1244 3589 1249 3596 ·

344 3645 508 3724 §Cumque
524 3643 612 3704 daret
624 3651 760 3705 sanctam
774 3643 918 3723 tumulis,
935 3648 1044 3726 quibus
1061 3645 1195 3726 invidet,
1208 3665 1326 3725 urnam,

409 3729 485 3792 Visa
501 3729 560 3789 sibi
575 3737 624 3790 est
637 3737 727 3811 rapto
742 3731 791 3791 bia
805 3729 929 3793 viduata
942 3732 1019 3792 viro.
