3434 4575
672 874 718 964 uf
747 875 1134 952 vicmannus

589 1045 1225 1142 iiidiiitiiildd

795 1231 957 1292 LIBER
982 1231 1020 1292 X.

896 1414 918 1474 1.

469 1528 503 1588 Si
516 1527 628 1586 nimius
641 1525 751 1587 videor
765 1545 897 1606 seraque
913 1526 1061 1587 coronide
1073 1524 1188 1607 longus

509 1612 588 1671 Esse
601 1609 700 1689 liber,
718 1608 817 1691 legito
830 1630 941 1692 pauca:
961 1609 1087 1671 libellus
1101 1630 1167 1674 ero.

469 1695 596 1774 Terque
612 1701 783 1776 quaterque
796 1697 873 1755 mihi
885 1696 992 1755 linitur
1007 1696 1141 1755 carmine
1158 1715 1256 1776 parvo

508 1781 638 1872 Pagina:
658 1781 708 1840 iac
722 1781 780 1841 tibi
793 1799 842 1840 me
861 1799 950 1859 quam
964 1783 1050 1860 cupis
1064 1797 1134 1841 esse
1149 1782 1292 1846 brevem.

898 1914 925 1974 11

466 2028 626 2088 Festinata
639 2028 727 2107 prior
744 2024 856 2086 decimi
869 2025 945 2084 mihi
959 2043 1032 2083 cura
1045 2019 1149 2082 libelli

511 2110 657 2191 Elapsum
671 2110 810 2170 manibus
823 2128 905 2169 nunc
919 2107 1075 2168 revocavit
1086 2124 1174 2186 opus.

467 2197 548 2256 Nota
560 2195 648 2272 leges
662 2191 828 2272 quaedam,-
847 2191 904 2252 sed
917 2190 993 2251 lima
1008 2210 1076 2249 rasa
1089 2194 1229 2254 recenti:

508 2278 584 2338 Pars
599 2297 677 2338 nora
690 2278 788 2337 maior
802 2277 879 2337 erit:
899 2274 1018 2353 lector,
1039 2275 1164 2353 utrique
1177 2277 1266 2359 fave,

446 2363 601 2440 5Lector‚
623 2380 699 2442 opes
715 2368 855 2421 nostrae:
875 2380 965 2442 quem
987 2378 1056 2420 cum
1069 2361 1145 2420 mini
1160 2362 1260 2424 Roma
1277 2365 1435 2450 dedisset,

509 2445 582 2523 „Nil
595 2447 653 2506 tibi
669 2446 752 2525 quod
766 2444 874 2506 demus
889 2447 985 2523 maius
999 2444 1169 2504 habemus“
1186 2448 1239 2509 ait.

466 2531 581 2609 „Pigra
593 2549 652 2611 per
665 2531 748 2590 hunc
762 2530 863 2609 fugies
875 2532 1015 2608 ingratae
1028 2529 1152 2587 flumina
1166 2528 1289 2594 Lethea

508 2616 550 2675 Et
564 2614 694 2676 meliore
706 2615 753 2674 tui
765 2622 855 2694 parte
870 2618 1029 2694 superstes
1043 2612 1115 2673 cris.

467 2700 623 2760 Marmora
636 2698 790 2761 Messalae
804 2697 896 2759 dudit
910 2696 1072 2777 caprificus
1087 2701 1121 2755 et
1134 2696 1233 2759 audax

427 2795 460 2845 ιο
506 2782 657 2844 Dimidios
672 2783 775 2861 crispi
790 2782 884 2843 mulio
899 2781 983 2842 ridet
997 2798 1106 2858 equos:

466 2866 509 2926 At
522 2865 637 2925 chartis
650 2884 710 2926 neo
723 2866 787 2927 fata
800 2874 916 2926 nocent
930 2871 963 2926 et
976 2862 1097 2923 saecula
1109 2872 1259 2945 prosunt,

509 2945 644 3028 Solaque
658 2969 721 3009 uon
733 2955 849 3010 norunt
863 2952 941 3012 haec
954 2948 1141 3009 monimenta
1157 2951 1273 3013 mori.“

877 3084 926 3146 llI.

466 3196 709 3260 Vernaculorum
725 3195 823 3275 dicta,
844 3195 1002 3257 sordidum
1017 3195 1159 3274 dentem,
1253 3240 1256 3243 <

466 3281 509 3342 Et
522 3280 614 3342 foeda
627 3279 751 3359 linguae
766 3284 882 3361 probra
897 3277 1117 3357 circulatricis,

467 3366 553 3440 Quae
568 3364 748 3444 sulphurato
767 3364 848 3424 nolit
861 3370 963 3442 empta
977 3368 1115 3424 ramento

466 3448 659 3512 Vatiniorum
672 3455 842 3529 proxeneta
856 3448 1042 3525 fractorum,

446 3532 567 3593 5Poeta
581 3533 704 3612 quidam
720 3529 924 3591 clancularius
938 3533 1056 3610 spargit

467 3616 510 3676 ut
523 3616 589 3678 volt
602 3616 703 3678 rideri
717 3621 832 3676 nostra.
864 3615 975 3675 credis
989 3616 1065 3695 hoc,
1087 3615 1214 3697 Prisce,

306 3869 471 3963 A.
