3434 4575
555 433 983 534 uricaannauounm.
997 469 1037 536 v.
1260 467 1321 533 raa

359 628 504 704 Miraris,
527 625 719 685 Theodorei
747 624 861 701 Magna
878 639 1045 684 causaest:
1103 690 1106 698 ¹

359 712 464 771 Dones
478 718 511 769 tu
527 710 657 768 mihine
673 715 743 768 tuos
758 706 894 768 libellos.

726 842 864 906 LXXIV.

358 947 524 1037 Pompeios
537 957 664 1015 iuuenes
679 956 752 1014 Asia
768 962 861 1034 atque
874 957 1016 1035 Europa,
1035 954 1092 1015 sed
1106 955 1205 1034 ipsum

402 1041 504 1100 Terra
518 1041 598 1118 tegit
610 1039 744 1119 Libyae,
766 1041 793 1098 si
808 1050 911 1100 tamen
926 1038 989 1099 ulla
1003 1040 1092 1118 tegit.

357 1125 439 1200 Quid
454 1126 565 1184 mirum
579 1130 646 1184 toto
661 1125 688 1183 si
702 1126 858 1203 spargitur
873 1124 972 1183 orbe?
1000 1122 1105 1183 lacere

399 1208 469 1269 Uno
485 1227 548 1267 non
562 1213 688 1289 poterat
700 1213 787 1267 tauta
801 1210 890 1268 ruina
904 1205 975 1268 loco

737 1342 859 1404 LXXV.

357 1462 443 1536 Quae
458 1460 536 1539 legis
553 1480 642 1520 causa
654 1461 760 1540 nupsit
777 1461 834 1519 tibi
848 1457 972 1537 Laelia,
994 1459 1125 1536 Quinte.

398 1545 533 1605 Uxorem
547 1550 638 1625 potes
651 1545 730 1603 hanc
748 1543 855 1604 dicere
867 1540 1046 1622 legitimam.

729 1675 865 1738 LXXVI.

356 1790 497 1850 Profecit
511 1798 585 1871 poto
603 1788 804 1851 Mithridates
819 1808 913 1871 saepe
927 1809 1068 1869 veneno,

400 1874 516 1934 Toxica
529 1894 570 1935 ne
584 1881 714 1955 possent
728 1892 817 1934 sacra
830 1892 947 1935 nocere
962 1876 1030 1935 sibi.

356 1958 408 2018 Tu
421 1978 544 2038 quoque
561 1961 667 2018 cavisti
683 1957 821 2019 cenando
838 1965 900 2019 tam
914 1958 995 2018 male
1009 1949 1145 2044 semper,
1234 2020 1237 2025 ,

398 2043 444 2102 Ne
458 2063 567 2122 posses
581 2063 731 2122 uuquam,
753 2043 869 2121 cinna,
890 2045 997 2124 perire
1010 2044 1101 2103 fame.

717 2177 866 2240 LXXVII.

353 2289 503 2348 Narratur
518 2289 602 2350 belle
623 2289 744 2369 quidam
759 2292 890 2371 dixisse,
911 2289 1063 2365 Marone,

396 2372 456 2449 Qui
471 2379 504 2433 te
518 2374 605 2434 ferre
619 2375 720 2435 oleum
736 2373 814 2435 dixit
826 2378 861 2435 in
876 2374 1022 2437 auricula.

708 2523 871 2605 nxxvur.

354 2633 388 2690 Si
405 2634 487 2693 tristi
504 2631 677 2695 domicenio
692 2632 834 2714 laboras,

354 2716 488 2794 Torani,
508 2724 600 2798 potes
615 2721 735 2779 esurire
750 2738 880 2780 mecum.

352 2800 422 2860 Non
441 2800 575 2862 deerunt
591 2805 666 2882 tibi,
688 2804 714 2862 si
729 2801 812 2863 soles
827 2802 1019 2881 προπίνειν,

352 2884 439 2945 Viles
454 2885 656 2967 Cappadocae
672 2905 841 2967 gravesque
858 2888 955 2968 porri.

330 2968 466 3029 5Divisis
482 2971 604 3049 cybium
617 2971 730 3031 latebit
743 2974 824 3051 ovis,

351 3052 491 3113 Ponetur
508 3054 613 3132 digitis
629 3055 783 3116 tenendus
797 3057 876 3115 ustis

297 3186 299 3189 .
350 3136 447 3215 Nigra
461 3138 610 3198 coliculus
625 3142 729 3199 virens
744 3139 877 3220 patella,

350 3218 516 3299 Algentem
532 3222 624 3282 modo
642 3225 694 3302 qui
709 3221 838 3302 reliquit
851 3224 992 3283 hortuma

349 3303 392 3365 nt
405 3304 525 3386 pultem
539 3308 660 3367 niveam
676 3324 823 3387 premens
836 3305 994 3386 botellus,

307 3395 343 3450 lo
350 3389 392 3449 nt
406 3388 528 3469 pallens
543 3391 614 3451 faba
629 3412 697 3451 cum
715 3394 847 3451 rubente
862 3388 952 3451 lardo
1001 3415 1012 3434 ·

349 3472 481 3533 Mensae
494 3494 623 3534 munera
639 3477 665 3535 si
678 3474 763 3536 voles
778 3473 951 3555 secundae,

352 3555 532 3618 Marcentes
547 3560 605 3619 tibi
623 3562 824 3640 porrigentur
838 3577 914 3621 uvae

347 3641 391 3699 Et
404 3660 517 3701 nomeu
530 3644 599 3720 pira
615 3663 693 3723 quae
707 3645 814 3705 ferunt
829 3646 991 3725 Syrorum,

347 3724 390 3785 Et
405 3744 479 3803 quas
496 3724 587 3787 docto
600 3726 749 3812 Neapolis
765 3731 898 3807 creavit,
