3434 4575
692 485 819 532 SATIRA
840 485 891 532 xl.

299 629 430 708 Namque
455 627 495 687 ibi
517 625 651 686 fortunae
675 625 789 685 veniam
814 623 925 686 damus.
966 624 1041 684 Alea
1062 626 1164 704 turpis,

300 713 396 792 Turpe
419 721 450 771 et
474 710 646 771 adulterium
670 709 882 778 mediocribns;
910 710 985 770 haec
1011 709 1112 769 eadem
1138 710 1180 769 ilii

301 797 398 857 Omnia
426 813 513 874 quum
540 794 666 870 fuciunt,
692 793 800 854 hilares
826 795 965 872 nitidique
988 803 1137 855 vocantur.

301 881 406 941 Nostra
435 879 544 941 dabunt
569 879 644 939 ulios
667 877 754 939 hodie
779 881 911 939 convivia
938 878 1039 938 iudos:

301 965 442 1028 conditor
464 963 572 1024 iliados
597 963 759 1023 cantabitur
781 972 869 1041 atque
891 962 1018 1023 Maronis

301 1049 426 1111 Altisoni
452 1047 566 1108 dubiam
589 1047 724 1108 facientia
747 1050 873 1108 carmina
898 1047 1029 1126 palmam.

302 1134 374 1209 Quid
397 1132 505 1206 refert,
528 1131 604 1192 tuies
632 1149 736 1191 versus
765 1151 820 1210 qua
846 1149 922 1192 voce
948 1125 1100 1208 legantur?

339 1216 401 1280 Sed
426 1235 503 1277 nnuc
527 1216 622 1277 dilutis
645 1225 746 1276 averte
769 1218 888 1294 negotiu
916 1218 992 1275 curis

302 1303 335 1364 Et
360 1311 476 1382 gratam
497 1302 629 1380 requiem
656 1300 815 1373 donatiui,
843 1300 958 1379 quando
982 1299 1082 1360 licebit

302 1388 354 1449 Per
376 1395 470 1448 totum
495 1403 615 1446 cessare
638 1384 730 1453 diem;
756 1402 813 1444 uon
835 1386 946 1444 fenoris
972 1384 1030 1443 ulla

302 1473 409 1533 ficatio
433 1487 505 1547 nec,
534 1470 626 1549 prima
649 1471 674 1528 si
696 1469 763 1528 luce
791 1486 913 1547 egressa
937 1470 1044 1528 reverti

303 1556 395 1618 Nocte
418 1553 512 1631 solet,
539 1555 628 1614 tacito
651 1553 737 1612 bilem
761 1554 813 1613 tibi
837 1553 989 1631 contrahat
1011 1569 1094 1626 uxor,

303 1641 422 1702 Humida
445 1640 591 1718 suspectis
618 1640 752 1698 referens
778 1639 905 1699 multicia
929 1640 1008 1714 rugis

303 1726 491 1803 Vexatasque
517 1739 616 1784 comas
646 1733 675 1783 et
699 1723 806 1783 vultum
830 1740 987 1801 auremque
1012 1720 1163 1781 calentem.

304 1810 435 1871 Protinus
458 1817 525 1869 ante
548 1825 643 1868 meum
665 1807 802 1886 quidquid
829 1806 910 1867 dolet
932 1825 1007 1866 exue
1030 1807 1125 1878 limen,

304 1894 380 1955 Pone
401 1890 515 1953 domum
540 1902 569 1952 et
593 1909 698 1953 servos
723 1901 753 1951 et
777 1891 915 1971 quidquid
942 1891 1082 1966 frangitur
1106 1889 1164 1950 illis

305 1983 359 2040 Aut
380 1978 474 2058 perit;
502 1979 632 2055 ingratos
655 1986 721 2037 ante
747 1977 840 2036 omnia
865 1993 941 2055 pone
968 1975 1095 2034 sodales.

305 2063 418 2125 [nterea
440 2061 658 2139 Megalesiacae
684 2058 854 2139 spectacula
879 2078 1002 2138 mappae

303 2148 420 2208 idaeum
445 2146 588 2205 soiiemne
614 2146 730 2220 colunt,
756 2144 916 2224 similisque
942 2143 1084 2222 triumpho

304 2232 413 2293 Praeda
437 2229 616 2292 caballorum
640 2239 759 2310 praetor
780 2229 865 2291 sedet
887 2247 937 2302 ac,
965 2228 1031 2287 mihi
1057 2245 1129 2306 pace

305 2317 463 2378 Immensae
488 2316 651 2395 nimiaeque
677 2315 747 2375 licet
768 2316 792 2375 si
814 2316 914 2375 dicere
929 2314 1044 2393 plebis,

304 2402 405 2462 'fotam
430 2399 517 2461 hodie
540 2399 659 2460 Romam
682 2402 777 2460 circus
801 2400 879 2478 capit
903 2410 931 2458 et
951 2400 1051 2476 fragor
1073 2416 1170 2458 aurem

304 2486 447 2560 Percutit‚
474 2494 609 2544 eventum
632 2484 731 2543 viridis
758 2502 816 2563 qno
845 2483 954 2561 colligo
979 2482 1073 2561 panni.

304 2570 373 2630 Nam
397 2571 423 2629 si
447 2568 603 2644 deficeret,
633 2580 769 2628 maestam
796 2571 1003 2647 attonitamque
1025 2567 1141 2626 videres

305 2655 383 2715 Hanc
410 2653 526 2729 urbem,
552 2653 642 2713 veluti
670 2652 829 2712 Cannarum
851 2655 879 2713 in
901 2652 1022 2730 pulvere
1049 2652 1132 2710 victis
1241 2664 1292 2714 200

305 2738 492 2798 Consulibus.
532 2738 672 2815 Spectent
695 2739 833 2811 iuvenes,
859 2754 933 2816 quos
959 2736 1068 2795 clamor
1092 2744 1121 2794 et
1144 2735 1237 2795 audax

305 2824 449 2901 sponsio,
475 2840 548 2901 qnos
575 2822 671 2881 cultae
695 2821 781 2882 decet
806 2823 956 2881 assedisse
980 2819 1113 2898 puellae:

305 2907 411 2967 Nostra
438 2905 516 2966 bibat
539 2924 659 2966 vernum
685 2916 832 2967 contracta
855 2905 981 2966 cuticula
1004 2905 1097 2965 solem

304 2991 491 3069 Effugiatque
518 2999 625 3067 togam.
663 2990 721 3051 lam
746 3010 821 3051 nunc
842 2991 870 3051 in
891 2989 996 3049 balnea
1017 2988 1098 3049 saiva

305 3075 412 3135 fronte
437 3076 506 3135 licet
529 3075 636 3152 vadas,
662 3094 833 3156 quamquam
856 3073 949 3134 solida
976 3073 1046 3133 hora
1072 3074 1198 3151 supersit
1240 3085 1291 3135 *ιω

303 3160 350 3219 Λᾶ
374 3169 496 3220 sextam.
538 3158 650 3220 Facere
676 3159 732 3219 hoc
754 3177 811 3220 non
837 3161 934 3238 possis
955 3160 1081 3237 quinque
1104 3156 1206 3216 diebus

305 3242 475 3320 Continuis,
495 3244 562 3322 quia
586 3252 651 3303 sunt
675 3244 739 3303 talis
763 3262 881 3324 qnoque
906 3243 1000 3302 taedia
1023 3243 1100 3300 vitae

306 3328 423 3404 tiaguaz
448 3328 614 3405 voluptates
637 3330 818 3389 commendat
839 3331 934 3388 rarior
956 3345 1034 3386 usus.

698 3557 886 3568 ,μα-...ῃ
