3434 4575
547 333 890 396 EPIGRAMMATON
902 334 977 400 LIB.
993 335 1072 398 XIV.
1270 335 1328 405 ³41

640 537 774 600 CXCIV.
797 536 949 597 Lucanae

366 639 447 702 Sunt
460 636 601 719 quitiam,
625 640 677 718 qui
693 658 743 698 me
758 638 862 697 dicant
876 656 940 697 non
954 656 1024 699 erse
1038 645 1176 719 poetam:

409 723 473 785 Sed
488 725 540 802 qui
554 741 604 784 me
621 723 730 784 vendit
744 719 930 801 bibliopola,
951 728 1047 803 putat.

651 857 772 922 CXCV.
798 857 954 920 Catullus.

363 960 500 1024 Tantum
514 978 622 1039 magua
636 980 692 1021 suo
708 960 804 1022 debet
815 961 942 1024 Verona
958 957 1099 1036 Catullo,

407 1045 559 1122 Quantum
573 1063 667 1123 parva
681 1064 736 1106 ruo
750 1047 880 1107 Mantua
895 1043 1047 1122 VergIIIa.
1106 1074 1109 1079 ·
1135 1067 1140 1074 ·

482 1177 616 1241 CXCVI.
642 1177 734 1240 Calai
747 1179 786 1241 de
800 1200 902 1262 aquae
912 1177 1051 1262 fngidae
1066 1198 1135 1240 aaa.

363 1281 451 1341 Haec
464 1279 525 1340 tibi
541 1297 620 1358 quae
635 1279 740 1341 fontes
755 1287 788 1341 et
802 1301 947 1358 aquarum
961 1282 1086 1340 nomiae
1101 1279 1192 1358 dicit,

404 1363 473 1444 Ipsa
491 1382 562 1423 ruas
576 1361 688 1424 melius
706 1366 812 1425 charta
830 1367 956 1427 natabat
971 1385 1074 1444 aquas.

585 1496 734 1561 CXCVII.
757 1499 865 1560 Malae
874 1499 1024 1580 pumilae.

362 1601 421 1662 Hir
434 1601 494 1660 tibi
510 1598 550 1659 de
567 1598 658 1660 mulia
672 1618 736 1661 nan
748 1604 800 1660 'ert
814 1597 981 1661 metuenda
998 1599 1101 1658 ruina:

405 1681 509 1745 Altius
528 1684 561 1743 iu
576 1690 663 1744 terra
677 1703 771 1764 saepe
786 1684 899 1745 sedere
914 1681 1005 1744 soler.

543 1818 705 1882 CXCVIII.
731 1817 857 1880 Catella
874 1818 1051 1879 Callc‘cana.

363 1914 495 1977 Delicias
509 1919 623 1998 parvae
637 1917 664 1976 ai
679 1916 724 1974 vis
741 1913 849 1975 audire
865 1914 1013 1993 catellae,

404 1999 549 2062 Narranti
564 2001 668 2061 brevis
684 2005 733 2059 est
745 2001 856 2079 pagiua
870 2005 936 2060 tota
950 1999 1044 2059 mihi.-

651 2133 784 2194 cxcix.
807 2135 954 2196 Asturco.

313 2295 316 2299 ,
362 2232 424 2293 Ilia
436 2233 539 2293 brevis
554 2232 593 2294 ad
608 2252 754 2296 numeros
767 2233 909 2316 rapidum
926 2236 978 2315 qui
994 2233 1113 2315 colligit
1126 2226 1282 2319 unguem,¹

406 2316 503 2378 Venit
517 2320 553 2378 ab
568 2319 713 2378 auriferis
728 2321 871 2397 gentibus
885 2321 981 2381 Astur
996 2340 1118 2400 equum·

616 2453 678 2514 CC.
705 2450 802 2512 cana
815 2460 991 2533 vertragus.

362 2546 432 2608 Nou
446 2548 522 2627 ribi,
546 2546 603 2609 aed
620 2548 744 2609 domiuo
759 2552 890 2608 venatur
903 2554 1064 2628 vertragus
1080 2569 1169 2631 acer,

405 2630 549 2694 Illaerum
562 2633 704 2712 leporem
719 2634 773 2711 qui
785 2632 845 2693 tibi
863 2631 958 2693 dente
971 2632 1063 2696 ieret.

649 2767 724 2830 CCI.
746 2765 950 2828 Palaestrita.

361 2867 431 2941 Nau
446 2886 513 2927 ama
531 2864 614 2965 quod
628 2867 746 2965 vincat³
766 2863 823 2965 ⁸⁶‚d
839 2864 923 2943 quod
937 2870 1138 2963 cuccumbere
1151 2870 1238 2930 navit

403 2950 446 3011 Iit
459 2948 570 3014 didicit
585 2947 695 3010 melius
709 2967 772 3027 την
789 2949 1073 3029 ανακλινοπαλην.

684 3084 772 3146 ceu.
796 3066 951 3145 aneas
1107 3169 1111 3174 Ι

362 3176 502 3240 Callidus
518 3183 645 3242 emissas
660 3182 790 3244 eludere
805 3183 911 3242 nimius
927 3182 1049 3258 hastae,

404 3262 438 3321 Si
453 3264 529 3322 mihi
544 3265 640 3323 cauda
653 3266 755 3343 foret,
779 3264 1015 3343 cercopithecus
1030 3283 1124 3326 eram.

590 3396 692 3458 CCIII.
716 3397 830 3458 Puella
845 3397 1015 3460 Gaditana.

363 3493 440 3555 Tam
454 3494 621 3555 tremulum
643 3498 771 3575 eriserit,
792 3503 855 3556 tam
869 3495 1017 3558 blandum
1032 3498 1151 3578 prurit,
1172 3505 1207 3559 at
1220 3499 1320 3582 iprum

403 3577 666 3642 Masturbatorem
680 3582 794 3643 fecerit
806 3580 1020 3663 HIppontum,
