3434 4575
604 453 945 518 EPIGRAMMATON
958 455 1034 517 LIB.
1049 456 1072 520 1.
1319 455 1358 520 15

401 610 456 669 Bis
472 609 532 668 iam
549 626 650 688 paene
668 608 726 667 tibi
740 604 848 667 consul
864 606 1040 667 tricesimus
1054 607 1164 685 instat,
1242 655 1249 665 .

442 694 484 753 Et
501 697 644 752 numerat
657 710 771 771 paucos
786 692 835 751 vix
848 696 902 750 tua
915 691 977 751 vita
992 689 1068 751 dies.

377 777 470 839 5Non
484 779 565 836 benc
582 774 742 835 distuleris
757 773 862 834 videas
879 773 962 852 quod
975 793 1068 855 posse
1082 776 1205 853 negari,

441 862 484 921 Et
498 860 596 920 solum
611 861 671 918 hoc
688 857 798 936 ducas,
821 857 905 937 quod
918 858 997 935 fuit,
1019 877 1089 918 esse
1102 865 1198 921 tuum.

399 946 574 1025 Expectant
589 961 744 1021 curaeque
759 943 955 1021 catenatique
969 941 1111 1020 labores,

444 1027 564 1090 Gaudia
579 1047 641 1087 non
657 1034 836 1104 remanent,
859 1025 917 1085 sed
931 1025 1059 1104 fugitiva
1072 1023 1187 1086 volant.

400 1113 486 1173 llaec
501 1118 632 1190 utraque
647 1129 738 1170 manu
753 1107 978 1190 complexuque
993 1128 1098 1170 assere
1113 1116 1196 1170 toto:

359 1208 392 1260 10
442 1196 541 1276 Saepe
555 1197 655 1255 fluent
666 1196 727 1254 Ima
743 1196 788 1253 sic
803 1212 931 1272 queque,
939 1191 1027 1274 lapsa
1041 1196 1119 1254 sinu.

399 1281 469 1342 Non
487 1287 552 1358 est,
575 1279 670 1340 crede
685 1278 777 1355 mihi,
799 1279 949 1358 sapieutIs
966 1278 1072 1339 dicere
1086 1276 1253 1356 ‚‚Vivam:“
1314 1300 1318 1305 ·

443 1365 521 1425 Sera
534 1365 625 1423 nImIs
638 1364 701 1423 vita
716 1368 764 1422 est
779 1363 927 1422 crastina:
948 1363 1015 1423 vine
1028 1361 1133 1425 hodie.

797 1496 879 1560 XVI.

340 1583 342 1587 .
402 1609 480 1669 Sunt
494 1611 591 1688 bona,
613 1616 685 1670 sunt
700 1609 849 1689 quaedam
864 1610 1048 1688 mediocria,
1072 1616 1143 1671 sunt
1157 1608 1237 1671 mala
1248 1607 1338 1691 plura

443 1694 527 1769 Quae
542 1691 622 1772 Iegis
637 1694 702 1753 hic:
726 1694 817 1754 aliter
830 1713 894 1753 non
907 1694 943 1753 fit
951 1737 959 1772 ‚
981 1695 1089 1772 uiuite,
1109 1693 1199 1757 liber.

787 1828 881 1889 XVII.

400 1940 492 2018 Cogit
506 1956 554 1998 me
571 1938 662 1999 Titus
678 1926 807 1999 actitare
823 1957 929 1998 causas

400 2024 441 2083 ut
456 2000 536 2083 dicii
547 2023 623 2082 mihi
640 2041 733 2103 saepe
748 2024 885 2102 „Magna
898 2040 950 2082 res
966 2020 1046 2082 est.“

399 2108 462 2167 Res
479 2125 588 2185 magna
601 2113 667 2184 est,
686 2109 775 2186 Tite,
798 2107 979 2187 quemfecit
994 2103 1131 2169 colanus.

785 2220 892 2282 XVIII.

404 2317 488 2395 Quid
503 2324 552 2395 te,
576 2317 695 2397 Tucca,
716 2319 799 2380 iuvat
811 2319 915 2379 vetulo
929 2321 1061 2380 miscere
1072 2315 1207 2379 Falerno

442 2402 477 2462 ln
494 2402 652 2463 Vaticanis
667 2401 791 2462 cenIIta
806 2410 904 2463 musta
919 2402 1028 2463 calls?

402 2484 484 2563 Quid
498 2491 615 2545 tantum
630 2485 738 2545 fecere
752 2488 826 2546 boni
841 2487 899 2546 tibi
914 2488 1048 2567 pessIma
1061 2486 1153 2546 vlnai

444 2570 507 2629 Aut
523 2567 597 2647 quid
611 2569 755 2628 fecerunt
771 2572 886 2650 optima
899 2572 968 2630 vina
983 2568 1078 2630 mali?

380 2654 449 2714 alie
465 2654 554 2712 nobis
569 2651 662 2713 facile
677 2658 743 2730 est,
765 2652 866 2713 scelus
882 2660 931 2713 est
943 2651 1084 2733 iugulare
1097 2652 1264 2715 Falernum

443 2738 485 2796 Et
502 2734 576 2795 dare
592 2738 746 2816 Campano
763 2739 864 2796 toxica
879 2756 968 2797 saeva
983 2737 1067 2797 cado.

403 2822 555 2881 Convivae
570 2839 713 2881 meruere
730 2822 774 2879 tui
788 2821 922 2881 fortasse
936 2823 1057 2901 perire:

446 2905 603 2983 Amphora
620 2924 682 2964 non
697 2906 811 2964 meruit
823 2911 887 2965 tam
903 2908 1042 2989 pretiosa
1058 2908 1145 2966 meri.

801 3040 883 3103 XIII.

406 3150 440 3211 Si
454 3152 598 3229 memInI,
620 3151 746 3211 fuerant
759 3153 817 3212 tibi
834 3158 995 3232 quattuor,
1017 3152 1123 3231 Aelia,
1145 3149 1270 3212 dentes:

445 3234 573 3316 ExpuIIt
586 3255 647 3294 uua
661 3234 739 3296 duos
753 3238 846 3296 tussis
862 3244 895 3296 et
908 3257 969 3296 una
983 3235 1069 3299 duos.

404 3319 466 3379 lam
481 3338 590 3384 secura
602 3325 693 3399 potes
706 3321 781 3379 tutis
796 3321 910 3381 tussire
925 3320 1051 3382 diebus:

446 3401 499 3463 Nil
512 3403 583 3463 istic
599 3401 681 3481 quad
697 3409 766 3482 agat
777 3406 873 3465 tertia
887 3407 980 3465 tussIs
994 3406 1098 3473 habet.

804 3518 871 3580 XX.

384 3655 386 3660 -
404 3616 461 3676 Dic
476 3617 567 3695 milui,
590 3617 658 3697 quia
672 3616 761 3677 furor
775 3618 845 3677 esti
867 3618 958 3677 turba
972 3619 1132 3698 spectante
1145 3619 1251 3674 vocata

443 3698 541 3761 Solus
556 3700 696 3781 boletus,
719 3697 912 3779 Caeciliana,
933 3720 1030 3762 voras.
