3434 4575
553 487 894 548 EPIGRAMMA'I'ON
909 487 984 551 LIB.
1002 487 1038 550 II.
1274 482 1316 549 43

775 689 813 750 X.

357 802 448 862 Basia
465 799 599 861 dimidio·
613 800 695 879 quod
713 799 767 860 das
784 801 876 879 mihi,
897 800 1060 878 Postume,
1080 798 1190 883 labro,

399 883 522 945 Laudo:
543 883 621 945 licet
640 883 744 945 demae
760 885 834 945 hinc
853 902 975 963 quoque
994 882 1162 947 dlmidium.

357 970 414 1032 Via
433 968 507 1029 dare
524 970 621 1029 maius
639 967 739 1028 adhuc
757 974 791 1028 et
807 965 1019 1028 inenarrabile
1037 987 1163 1049 munna,

398 1054 468 1114 lloo
485 1053 543 1113 tibi
560 1052 641 1113 habe
659 1058 773 1131 totum,
795 1052 958 1130 Postume,
981 1050 1150 1114 dlmldium.

764 1186 807 1247 XI

357 1296 446 1375 Quod
462 1299 568 1357 fronte
586 1295 702 1358 Selium
717 1296 824 1358 nubilo
840 1295 945 1376 video,
967 1297 1066 1376 Rufe,

358 1380 447 1458 Quod
464 1379 636 1445 ambulator
653 1383 808 1462 porticum
826 1383 905 1442 terit
921 1401 1039 1460 aeram,

354 1465 501 1544 Lugubre
520 1464 666 1544 quiddam
686 1464 769 1545 quod
785 1471 870 1526 tacet
884 1467 975 1545 piger
991 1464 1112 1547 vultus,

356 1547 446 1626 Quod
462 1568 562 1629 paene
579 1555 695 1610 terram
711 1569 802 1610 naam
819 1547 969 1610 indecens
987 1552 1103 1630 tangIt‚

329 1632 444 1710 5Quod
462 1632 570 1693 dextra
585 1639 695 1713 pectus
711 1631 814 1713 pulsat
830 1639 864 1693 et
882 1652 999 1694 comam
1014 1632 1120 1695 vellit:

353 1717 424 1777 Non
436 1715 493 1776 ille
512 1718 601 1777 amici
616 1718 680 1776 iata
697 1715 785 1796 luget
801 1722 854 1776 aut
869 1717 992 1795 fratria,

354 1801 496 1881 Uterque
511 1807 601 1861 natur
620 1801 696 1860 vicit
711 1805 744 1860 ct
760 1817 875 1880 precor
893 1801 990 1877 olvat,

356 1883 446 1944 Salva
468 1891 517 1945 est
535 1891 568 1944 ct
585 1904 663 1944 uxor
680 1884 882 1962 sarcinaeque
901 1885 1061 1962 cervique,

354 1967 441 2028 Nihil
460 1967 586 2028 colonus
606 1965 778 2046 vilicusque
796 1964 927 2027 decoxIt.

312 2053 508 2115 10Maeroria
525 2053 621 2131 igitur
637 2070 727 2112 causa
747 2051 848 2130 quae?
883 2049 971 2112 Domi
989 2056 1090 2111 cenat.

758 2199 815 2260 XII

353 2314 431 2375 ane
447 2313 596 2392 quidhoc
614 2312 729 2393 dicam,
752 2311 835 2394 qaod
849 2311 937 2374 olent
951 2318 1005 2373 tua
1016 2313 1102 2373 haria
1113 2311 1269 2391 myrrham

370 2437 385 2463 .
395 2396 547 2477 Quodque
558 2399 617 2458 tibi
628 2403 678 2457 est
688 2418 843 2477 nunquam
854 2416 917 2457 non
929 2393 1050 2457 alienus
1063 2394 1163 2455 odori

353 2482 421 2543 Hoc
444 2483 520 2542 mihi
543 2488 719 2563 suspectum
742 2487 807 2560 est,
833 2480 915 2561 quod
940 2479 1007 2542 oleo
1031 2481 1130 2557 hene,
1153 2477 1312 2559 Postume,

393 2647 557 2728 Postume,
580 2668 642 2710 non
662 2584 827 2710 illdpdlret
847 2649 900 2728 qui
918 2648 999 2707 hene
1018 2664 1142 2727 semper
1159 2644 1234 2712 olet.

748 2781 826 2842 XIII.

350 2891 393 2953 lit
407 2891 500 2954 iudex
516 2894 597 2972 petit
614 2898 647 2953 et
662 2893 744 2973 petit
760 2899 918 2973 patronur.

352 2975 459 3037 Solvas
477 2995 607 3056 censeo,
629 2976 740 3056 Sexte,
762 2978 922 3040 creditori.

746 3110 826 3173 xlv.

312 3256 315 3260 ss
350 3220 404 3282 Nil
419 3223 636 3303 Intemptatum
653 3222 771 3304 Selius,
791 3224 837 3286 nil
854 3224 969 3306 linquit
983 3227 1140 3306 lnausum,

393 3305 572 3367 Cenandum
591 3309 732 3385 quotiena
749 3310 809 3369 iam
826 3308 913 3371 videt
929 3328 999 3370 erae
1020 3308 1111 3372 domi,

350 3388 458 3450 Gurrit
474 3388 513 3450 ad
529 3390 676 3472 Europen
696 3398 729 3453 et
744 3399 794 3472 te,
814 3393 960 3473 Pauline,
982 3399 1114 3474 tuosque

391 3472 511 3535 Laudat
527 3472 705 3554 Achilleos,
727 3475 785 3538 aed
801 3479 869 3538 sine
886 3479 966 3557 tine,
988 3475 1096 3558 pedet.

325 3556 385 3620 oSi
401 3556 481 3618 nihil
497 3559 623 3640 Europe
638 3560 732 3640 fecit,
752 3567 817 3622 tum
836 3562 931 3643 Septa
947 3567 1113 3643 petantur,

369 3698 372 3705 .
391 3639 425 3700 Si
443 3640 518 3723 quld
535 3642 715 3724 Philyrides
729 3652 871 3727 praestet
886 3652 920 3708 et
936 3644 1120 3707 Aesoniden.

346 3725 430 3788 Hinc
449 3746 571 3807 quoque
589 3727 740 3810 deceptus
756 3731 961 3812 Memphitica
976 3728 1095 3811 templa
1110 3729 1304 3808 frequentat,
