3434 4575
744 463 868 512 sauma
891 462 938 512 XI.

362 608 544 688 Despiciam,
573 615 621 684 qul
643 609 714 680 scit,
742 614 848 684 quanto
875 605 1026 665 sublimior
1050 605 1132 666 Atlas

361 693 497 753 Omnibus
522 693 552 752 in
573 689 662 765 Libya
687 691 723 749 sit
746 690 907 765 montibus,
927 689 973 750 hic
996 700 1090 750 tamen
1111 689 1186 750 idem

361 779 495 856 lgucret,
523 785 659 855 quantum
682 774 789 834 ferrata
814 773 902 834 distet
928 775 963 833 ab
990 792 1058 835 arca

360 860 513 922 Saeculus.
547 858 572 918 E
598 859 684 918 coelo
708 857 860 919 descendit
881 862 980 937 γνῶθι
1004 854 1136 928 σεαυτόν,

360 946 519 1024 Figeudum
544 953 573 1003 et
598 946 718 1002 memori
741 943 918 1002 tractandum
944 954 1085 1022 pectore,
1109 944 1171 1002 sive

361 1028 532 1106 Coniugium
554 1045 678 1106 quaeras
700 1027 748 1086 vel
770 1030 846 1086 sacri
871 1029 898 1086 iu
920 1038 1002 1106 parte
1025 1036 1143 1087 senatus

360 1113 434 1175 lissa
458 1112 549 1178 velis;
577 1129 672 1189 neque
699 1113 773 1170 enim
796 1112 915 1172 loricam
939 1113 1035 1189 poscit
1058 1110 1181 1171 Achillis

360 1199 526 1270 Thersites,
554 1197 581 1254 in
609 1214 664 1274 qua
691 1214 725 1255 se
750 1195 920 1255 traducebat
942 1195 1059 1270 Ulixes3

360 1284 523 1362 Ancipitem
550 1299 602 1339 seu
626 1290 655 1338 tu
682 1297 786 1357 magno
810 1280 975 1340 discrimine
1000 1298 1115 1341 causam

360 1367 521 1443 Protegere
544 1365 681 1440 allectas,
706 1373 735 1424 te
760 1365 899 1439 consule,
923 1365 969 1425 dic
991 1365 1056 1441 tibi,
1080 1365 1127 1444 qui
1151 1364 1201 1438 sis,

360 1450 465 1511 Orator
487 1448 662 1524 vehemens,
687 1467 722 1508 an
745 1445 860 1507 Curtius
884 1459 913 1508 et
939 1448 1035 1509 blatho
1062 1449 1182 1508 buccae.

360 1535 514 1595 Noscenda
540 1542 584 1592 est
608 1550 742 1592 mensura
765 1535 808 1592 sui
832 1534 1050 1612 spectandaque
1073 1532 1162 1592 rebus

360 1619 390 1679 lu
412 1619 529 1679 summis
552 1618 749 1695 minimisque,
772 1621 856 1678 etiam
879 1636 963 1696 quum
990 1619 1078 1696 piscis
1102 1626 1226 1681 emetur:

360 1702 402 1764 Ne
426 1702 545 1763 mullum
568 1702 684 1780 cupias,
709 1720 794 1779 quum
818 1703 854 1760 sit
881 1701 932 1760 tibi
955 1701 1045 1778 gobio
1068 1710 1174 1760 tantum

360 1787 390 1848 ln
416 1786 531 1848 loculis.
570 1784 642 1858 Quis
667 1787 740 1844 euim
766 1794 794 1844 te
817 1786 973 1845 deficiente
998 1804 1133 1845 crumena

361 1871 395 1932 Et
419 1879 574 1932 crescente
598 1869 667 1948 gula
690 1879 787 1929 manet
810 1871 923 1944 exitus,
952 1887 1021 1930 aere
1046 1879 1167 1948 paterno

361 1957 404 2016 Ac
426 1955 516 2016 rebus
538 1955 642 2013 mersis
665 1955 693 2012 iu
717 1963 864 2029 ventrem,
889 1953 1000 2013 fenoris
1023 1964 1109 2031 atque

361 2041 483 2117 Argenti
505 2040 604 2116 gravis
628 2047 656 2096 et
680 2055 818 2116 pecorum
841 2055 1036 2115 agrorumque
1061 2035 1219 2116 capacem?

361 2124 479 2185 Talibus
505 2142 520 2182 a
548 2121 669 2182 dominis
696 2132 762 2200 post
790 2132 893 2182 cuncta
918 2123 1090 2181 nouissimus
1113 2123 1172 2180 exit

361 2208 505 2281 tinnulus,
531 2216 560 2267 et
583 2208 673 2283 digito
696 2207 840 2266 mendicat
866 2207 959 2267 Pollio
988 2207 1072 2266 nudo.

360 2292 423 2353 Nou
450 2293 624 2372 praematuri
649 2293 765 2352 cineres
788 2311 842 2351 uec
869 2293 952 2352 lunus
975 2292 1111 2352 acerbum

360 2377 516 2452 Luxuriae,
541 2376 595 2436 sed
620 2385 712 2434 morte
736 2378 827 2453 magis
849 2377 1001 2436 metuenda
1026 2385 1171 2435 senectus.

360 2462 393 2521 lli
419 2462 590 2541 plerumque
612 2459 734 2537 gradus:
763 2461 905 2521 conducta
928 2463 1049 2539 pecunia
1073 2459 1182 2519 Rornae

360 2545 396 2606 Et
420 2563 518 2606 coram
543 2544 665 2604 dominis
689 2547 880 2606 consumitur:
909 2546 974 2605 iude
997 2544 1044 2604 ubi
1068 2543 1181 2623 paulum

359 2629 468 2690 Nescio
492 2629 559 2709 quid
585 2638 720 2707 superest
744 2639 773 2689 et
793 2630 884 2706 pallet
907 2630 1016 2689 ienoris
1039 2638 1151 2700 auctor,

361 2714 415 2787 Qui
441 2725 560 2774 vertere
589 2714 699 2786 solum,
727 2714 809 2773 Baias
834 2721 863 2772 et
888 2713 922 2772 ad
945 2723 1042 2771 ostrea
1067 2721 1191 2772 currunt.

362 2796 477 2859 Cedere
498 2816 621 2875 namque
649 2798 714 2855 iuro
739 2799 793 2856 iam
816 2815 873 2855 uon
901 2808 946 2856 est
969 2797 1098 2856 deterius
1121 2813 1204 2873 quam

361 2881 509 2960 Esquilias
536 2901 552 2941 a
578 2882 703 2940 ferventi
726 2884 851 2958 migrare
878 2881 1001 2941 Subura.

362 2966 413 3027 llle
440 2966 526 3027 dolor
551 2966 631 3025 solus
657 2967 776 3043 patriam
798 2966 990 3043 fugientibus,
1018 2964 1066 3023 rlla

361 3049 504 3111 blaestitia
530 3060 591 3124 est,
618 3051 748 3109 caruisse
773 3067 846 3110 anuo
872 3048 1051 3110 circensibus
1075 3067 1139 3107 uno.

361 3136 514 3213 Sanguinis
541 3136 569 3194 in
591 3134 667 3193 iacie
690 3151 746 3192 nou
769 3134 872 3194 haeret
896 3143 989 3212 gutta;
1017 3144 1162 3192 morantur

362 3219 447 3279 Pauci
473 3219 624 3279 ridiculum
659 3227 688 3277 et
727 3217 885 3296 fugientem
912 3238 949 3278 ex
971 3217 1043 3277 urbe
1065 3217 1213 3296 pudorem.

402 3301 566 3382 Experiere
589 3302 693 3378 hodie,
719 3305 854 3381 numquid
878 3303 1072 3382 pulcherrima
1094 3301 1180 3374 dictu,

363 3384 497 3464 Persice,
524 3404 581 3446 non
603 3396 748 3465 praestem
774 3390 830 3446 vita
854 3387 902 3446 vel
925 3386 1054 3446 moribus
1080 3395 1109 3445 et
1131 3403 1174 3459 re,

361 3472 419 3532 Sed
444 3472 559 3532 laudem
583 3471 704 3550 siliquas
725 3471 859 3530 occultus
880 3488 994 3549 ganeo,
1020 3470 1116 3548 pultes

362 3553 468 3616 Coram
493 3556 558 3616 aliis
584 3554 690 3615 dictem
716 3572 825 3634 puero,
851 3555 903 3615 sed
928 3556 1049 3615 inaure
1074 3552 1233 3632 placentas.

361 3639 431 3700 Nam
456 3660 542 3720 quum
564 3641 604 3698 sis
628 3641 748 3699 conviva
772 3640 840 3699 mihi
864 3641 1040 3718 promissus,
1064 3635 1188 3698 habebis

362 3723 543 3798 Evandrum,
568 3726 669 3784 venies
694 3723 857 3799 Tirynthius
882 3733 931 3784 aut
955 3724 1048 3783 minor
1069 3721 1119 3783 illo
