3434 4575
766 460 811 523 Μ.
826 460 918 524 VAL.
934 459 1162 524 MARTIALIS

925 662 1007 724 XIX.

525 778 669 838 Proxima
683 779 824 837 centenis
841 776 1017 837 ostenditur
1031 796 1103 837 ursa
1117 775 1294 858 columnis,

568 863 728 923 Exornant
742 862 834 921 lictae
850 882 909 940 qua
922 860 1088 941 platanona
1102 862 1199 922 ferae.

525 947 625 1006 Huius
640 944 711 1004 dum
726 944 847 1025 patulos
862 944 1003 1004 alludens
1020 950 1153 1025 temptat
1165 946 1272 1007 hiatus

567 1029 702 1090 Pulther
717 1026 832 1107 Hylas,
854 1037 996 1088 teneram
1010 1031 1120 1089 mersit
1134 1031 1168 1089 in
1183 1049 1239 1090 ora
1254 1051 1391 1096 manum.

504 1114 643 1194 5Vipera
657 1110 713 1173 sed
727 1131 819 1173 caeco
835 1110 988 1172 scelerata
1001 1110 1121 1174 latebat
1134 1115 1167 1173 in
1181 1131 1257 1174 aere

567 1198 760 1277 Vivebatque
776 1198 875 1256 anima
889 1195 1049 1257 deteriore
1063 1198 1140 1258 fera.

525 1280 595 1341 Nou
608 1282 707 1340 sensit
721 1298 800 1360 puer
815 1298 885 1339 esse
900 1279 1004 1357 dolos,
1025 1282 1086 1340 nisi
1100 1281 1196 1340 deute
1210 1290 1363 1363 recepto,

567 1365 647 1424 Dum
660 1365 761 1444 perit:
784 1384 802 1424 o
817 1365 953 1441 facinus,
971 1364 1049 1424 falsa
1064 1363 1147 1445 quod
1164 1383 1237 1425 ursa
1250 1366 1330 1427 fuit!

932 1498 1000 1561 XX.

526 1611 600 1688 Dic,
621 1610 727 1688 Musa,
751 1609 825 1690 quid
840 1619 909 1690 agat
923 1613 1036 1674 canius
1050 1630 1137 1672 meus
1151 1611 1269 1673 Rufusz

524 1695 677 1756 Utrumne
696 1695 811 1755 chartis
825 1696 923 1756 tradit
938 1695 994 1756 ille
1008 1697 1137 1756 victuris

525 1777 673 1857 Legenda
687 1786 861 1860 temporum
879 1787 945 1840 acta
959 1778 1220 1841 Claudianorum?

524 1862 575 1923 An
591 1883 669 1943 quae
682 1863 800 1924 Neroni
814 1863 910 1924 falsus
924 1865 1036 1925 astruit
1050 1864 1209 1944 scriptor?

503 1947 576 2008 trin
591 1946 762 2008 aemulatur
775 1949 910 2028 improbi
923 1950 1008 2008 iocos
1022 1947 1183 2008 Phaedri?

525 2031 670 2092 Lascivus
685 2030 783 2110 elegis
799 2052 838 2091 an
852 2051 978 2092 severus
994 2032 1124 2091 herois?

524 2115 574 2175 An
588 2116 622 2175 in
636 2117 796 2175 cothurnis
809 2115 955 2176 horridus
970 2113 1177 2196 Sophocleis?

524 2200 575 2259 An
591 2200 707 2259 otiosus
722 2201 754 2258 in
769 2197 876 2258 schola
889 2206 1050 2278 poetarum

524 2282 648 2363 Lepore
661 2284 776 2343 tinctos
790 2282 896 2343 Attico
911 2282 993 2345 sales
1006 2283 1134 2344 narrat?
1181 2299 1182 2303 ’

482 2367 604 2430 lollinc
619 2369 646 2426 si
660 2368 808 2445 recessit,
830 2370 984 2448 porticum
997 2370 1075 2429 terit
1087 2365 1199 2446 templi
1309 2395 1338 2444 ς

523 2453 574 2512 An
588 2453 686 2531 spatia
702 2453 801 2532 carpit
814 2450 920 2513 lentus
932 2452 1202 2531 Argonautarum?
1428 2472 1440 2508 ι

524 2538 573 2596 An
590 2534 743 2595 delicatae
758 2536 824 2597 sole
839 2556 947 2597 rursus
960 2538 1105 2616 Europae

523 2619 610 2679 Inter
623 2626 769 2699 tepentes
782 2627 854 2700 post
873 2620 1036 2681 meridiem
1050 2622 1147 2681 buxos

525 2702 623 2763 Sedet
639 2705 809 2766 ambulatve
823 2704 907 2766 liber
923 2706 1044 2765 acribus
1060 2704 1166 2765 curis?

484 2798 516 2848 15
524 2787 631 2848 Titine
645 2790 775 2850 thermis
791 2810 829 2849 an
843 2789 964 2880 lavatur
977 2790 1136 2870 Agrippae

523 2873 574 2931 An
588 2872 736 2952 impudici
748 2873 862 2935 balneo
878 2874 1043 2953 Tigillini?

525 2957 574 3014 An
590 2974 665 3016 rure
680 2955 768 3017 Tulli
783 2958 898 3018 fruitur
914 2964 1007 3037 atque
1021 2952 1160 3018 Lucani?

525 3038 574 3098 An
588 3037 728 3100 Polionls
743 3039 833 3101 dulce
849 3043 948 3102 currit
962 3042 1001 3101 ad
1016 3040 1180 3120 quartum?

527 3123 575 3183 Αιι
591 3128 768 3184 aestuantes
782 3126 842 3185 iam
855 3125 1016 3206 profectus
1032 3124 1071 3184 ad
1085 3125 1173 3184 Baias

448 3234 454 3243 ·
483 3207 617 3286 mpiger
630 3207 765 3268 Lucrino
779 3208 962 3269 nauculatur
975 3210 1008 3268 in
1023 3208 1155 3287 stagno?

525 3292 604 3369 „Vis
619 3293 701 3353 scire
715 3291 789 3373 quid
805 3298 875 3372 agat
889 3292 1002 3353 canius
1017 3292 1110 3351 tuus?
1137 3289 1264 3352 Ridet.“

928 3425 1009 3488 Xlll.

526 3536 739 3618 Proscriptum
753 3537 886 3599 famulus
901 3539 1034 3598 servavit
1049 3537 1155 3599 fronte
1171 3541 1286 3600 notate

566 3620 635 3682 Non
649 3622 710 3683 fult
723 3624 802 3684 haec
816 3622 932 3685 domini
949 3623 1026 3694 vita,
1047 3620 1103 3683 sed
1118 3620 1240 3686 invidia.
