3434 4575
580 462 921 526 unluuAMMATON
934 462 1009 526 LIB.
1023 462 1088 525 XII.
1295 462 1356 529 301

785 663 891 741 LXIX.

399 780 451 840 Sic
466 785 610 860 tanquam
624 778 745 839 tabulas
760 779 972 858 scyphosquc,
994 776 1108 857 Paule,

398 864 513 925 Omnes
528 865 713 943 archetypos
728 863 824 922 babes
841 863 963 921 amicos.

790 996 884 1056 LXX.

396 1112 507 1172 Lintea
522 1111 624 1171 ferret
638 1112 723 1189 Apro
738 1112 836 1171 vatins
853 1130 922 1170 cum
933 1107 1061 1168 vernula
1078 1128 1179 1190 nuper

438 1198 480 1256 Et
497 1214 590 1274 supra
603 1193 738 1273 togulam
752 1194 837 1254 lusca
851 1192 979 1253 sederet
994 1212 1087 1270 anus,

397 1281 501 1358 Atque
516 1278 579 1338 olei
594 1277 707 1338 stsslam
723 1276 814 1337 daret
828 1275 1056 1338 enterocelicus
1069 1275 1197 1354 unctor,

439 1361 579 1424 Udorum
592 1363 723 1421 tetricus
739 1380 850 1421 censor
865 1370 899 1421 et
912 1379 1004 1440 asper
1018 1366 1096 1421 erat.

376 1445 601 1525 5Frangendos
616 1444 728 1505 calices
746 1445 1030 1524 effundendumque
1045 1442 1214 1504 Falernum
1278 1509 1283 1516 ,

441 1529 616 1608 Clamabat,
638 1530 762 1590 biberet
778 1531 831 1609 qui
846 1528 937 1588 modo
951 1528 1034 1588 lotus
1048 1546 1154 1607 eques.

398 1615 425 1675 A
440 1632 515 1674 sene
531 1613 588 1674 red
600 1618 764 1694 postquam
777 1620 888 1693 patruo
902 1630 1019 1673 venere
1032 1617 1191 1690 trecenta,

440 1697 569 1758 Sobrius
584 1717 601 1756 a
614 1697 745 1756 thermis
759 1698 861 1756 nescit
874 1696 961 1755 abire
976 1694 1106 1758 domum.

399 1781 426 1841 0
441 1788 586 1860 quantum
604 1779 738 1839 diatreta
752 1778 857 1839 valent
871 1785 905 1838 et
919 1780 1057 1858 quinque
1072 1779 1200 1839 comati!

357 1875 391 1927 10
440 1866 546 1944 Tune,
566 1884 635 1924 cum
648 1881 768 1944 pauper
783 1868 867 1940 erat,
889 1881 952 1921 non
968 1863 1093 1923 sitiebat
1105 1863 1203 1943 Aper.

779 1996 887 2057 LXXI.

396 2108 448 2171 Nil
464 2130 543 2189 non,
564 2110 691 2190 Lygde,
712 2110 789 2170 mihi
807 2128 903 2188 negas
916 2110 1054 2188 roganti:

396 2196 440 2255 At
454 2193 606 2274 quondam
623 2195 715 2273 mini,
736 2193 861 2273 Lygde,
883 2193 928 2254 nil
944 2194 1088 2272 negabas.

773 2344 894 2409 LXXII.

399 2455 509 2533 Iugera
522 2463 675 2516 mercatus
689 2478 789 2540 prope
803 2461 893 2519 busta
906 2456 1034 2518 latentis
1049 2455 1144 2537 agelli

442 2539 483 2597 Et
497 2537 577 2598 male
594 2549 768 2620 compactae
785 2542 917 2603 culmina
929 2541 1008 2601 fulta
1022 2560 1126 2620 casae,

399 2622 527 2684 Deseris
537 2624 688 2702 urbanas,
709 2633 762 2687 tua
773 2627 918 2707 praedia,
940 2625 1123 2703 Pannyohe,
1143 2622 1236 2702 lItes,

440 2708 615 2788 Parvaque,
638 2708 695 2768 sed
707 2712 801 2771 tritae
817 2710 953 2789 praemia
970 2716 1057 2768 certa
1069 2715 1170 2787 togae.

377 2788 617 2871 5Frumentum,
638 2792 756 2855 milium
772 2796 984 2874 ptisanamque
999 2792 1161 2870 fabamque
1176 2788 1298 2850 solebas

439 2875 587 2938 Vendere
602 2880 824 2957 pragmaticus,
846 2896 929 2936 nunc
944 2878 1020 2936 emis
1033 2873 1175 2955 agricola.

769 3009 903 3072 LXXIII.

395 3120 555 3182 Heredem
570 3123 629 3181 tibi
646 3140 712 3197 me,
736 3119 877 3200 Catulle,
899 3120 986 3185 dicis.

394 3204 464 3264 Non
480 3204 619 3284 credam,
638 3206 699 3265 nisi
712 3204 838 3285 legero,
862 3206 994 3268 Catulle.

763 3340 901 3402 LXXIV.

394 3447 474 3507 Dum
490 3448 549 3507 tibi
563 3446 698 3507 Niliacus
712 3453 817 3528 portat
833 3448 977 3526 crystalla
993 3446 1144 3528 cataplus,

437 3532 554 3609 Accipe
570 3530 609 3590 de
622 3532 705 3590 circo
719 3529 830 3611 pocula
843 3530 1004 3593 Flaminio.

395 3612 438 3671 Hi
452 3615 546 3691 magis
562 3612 708 3693 audaces,
728 3634 766 3674 an
781 3621 853 3675 sunt
869 3616 921 3694 qui
936 3615 1011 3675 talia
1024 3617 1151 3675 mittunt

438 3698 594 3759 Munera?
616 3697 673 3759 sed
686 3701 824 3779 gemiane
841 3697 953 3761 vilibus
970 3719 1042 3760 usus
1056 3701 1146 3760 Inest·
