3434 4575
439 464 473 524 lb
758 475 794 523 1).
817 475 890 524 mm.
911 473 1098 523 tuvnrtnms

432 618 537 680 hectns
560 625 623 679 erat
644 613 742 678 Godro
766 615 891 676 Procula
912 615 1021 691 minor,
1044 615 1158 676 urceoli
1181 634 1246 694 sex,

432 702 636 764 Ornamentum
658 701 760 778 abaci,
783 719 839 762 nec
861 717 919 760 non
941 709 971 760 et
989 700 1126 778 parvulus
1146 701 1220 762 inira

432 788 594 850 cantharus
617 795 647 848 et
669 785 815 847 recubans
836 785 890 845 snb
912 784 1017 845 eodem
1039 803 1183 846 marmore
1207 784 1330 847 Chiron·
1377 793 1427 847 000

430 872 550 953 lamque
573 880 659 932 retus
681 887 811 946 graecos
832 868 970 930 servabat
992 870 1063 931 cista
1086 869 1216 947 libellos,

431 957 468 1018 lit
489 957 584 1017 divina
604 957 684 1035 opici
705 954 848 1016 rodebant
871 955 997 1016 carmina
1018 974 1125 1017 mures.

430 1041 478 1103 Nil
496 1041 595 1103 habuit
615 1037 744 1109 Godrus;
766 1042 832 1120 quis
855 1041 929 1100 enim
950 1037 1059 1117 negati
1083 1049 1113 1102 st
1135 1049 1231 1103 tamen
1252 1039 1324 1101 illud

431 1126 560 1188 Perdidit
577 1125 680 1186 infelix
703 1134 793 1184 totum
814 1124 903 1184 nihil:
926 1124 1042 1184 ultimus
1062 1135 1159 1186 autem

432 1210 596 1272 Aerumnae
613 1219 659 1272 est
675 1209 824 1286 cumulus,
841 1209 918 1288 quod
937 1208 1040 1269 nudum
1057 1219 1087 1270 et
1102 1210 1194 1271 irusta
1210 1220 1362 1290 rogantem
1379 1220 1429 1272 010

431 1294 525 1357 Nemo
548 1295 634 1370 cibo,
657 1310 744 1354 nemo
767 1293 895 1372 hospitio
915 1303 1056 1374 tectoque
1075 1295 1193 1356 iuvabit.

431 1382 462 1440 Si
482 1397 586 1459 magna
610 1379 740 1439 Asturici
763 1379 872 1439 cecidit
894 1379 1014 1453 domus,
1037 1378 1155 1440 horrida
1175 1389 1278 1455 mater,

432 1465 535 1524 Pullatl
558 1481 718 1543 proceres,
739 1462 837 1523 differt
859 1462 1022 1524 uadimonia
1042 1474 1176 1542 praetor;

432 1548 513 1609 lunc
533 1549 675 1626 gemimus
698 1565 784 1607 casus
805 1547 903 1622 urbis,
921 1556 988 1607 tuuc
1008 1547 1122 1608 odimus
1141 1549 1248 1627 iguem.

433 1633 526 1693 Ardet
547 1631 659 1708 adhuc,
682 1640 712 1692 et
735 1633 791 1692 iam
812 1632 940 1692 accurrit
962 1633 1011 1711 qni
1030 1650 1172 1694 marmora
1194 1633 1294 1706 donet,
1377 1640 1427 1694 010

433 1716 575 1778 Conferat
597 1717 760 1795 impensas:
784 1715 831 1775 hic
853 1716 927 1776 nuda
951 1725 980 1775 et
1003 1717 1123 1777 candida
1147 1719 1240 1796 signa,

433 1802 486 1862 llic
506 1801 614 1880 aliquid
639 1801 821 1880 praeclarum
842 1799 1041 1879 Euphranoris
1061 1810 1090 1861 et
1109 1801 1254 1877 Polycliti,

433 1886 512 1946 llaec
535 1885 709 1946 Asianorum
733 1894 834 1945 vetera
857 1894 1024 1946 omameuta
1047 1885 1178 1959 deorum,

433 1971 485 2031 llic
508 1968 601 2031 libros
624 1969 702 2030 dabit
720 1981 749 2029 et
769 1969 884 2029 forulos
905 1970 1089 2049 mediamque
1110 1969 1279 2041 Minervam,

434 2055 486 2115 llic
509 2054 635 2114 modium
655 2054 784 2131 argenti3
807 2054 929 2114 meliora
952 2071 988 2113 ac
1008 2053 1088 2131 plura
1111 2057 1226 2131 reponit
1378 2063 1428 2114 000

434 2140 569 2199 Persicus
592 2138 729 2197 orborum
752 2138 927 2196 lautissimus
949 2146 978 2195 et
998 2142 1101 2196 merito
1126 2141 1179 2198 iam

434 2227 613 2303 Suspectus,
633 2231 776 2302 tamquam
799 2223 862 2299 ipse
886 2239 953 2280 suas
973 2222 1134 2281 incenderit
1155 2223 1254 2282 aedes.

434 2310 464 2368 Si
486 2317 572 2387 potes
594 2307 681 2367 avelli
701 2305 902 2379 circensibus,
926 2307 1032 2386 optima
1053 2308 1145 2367 Sorae

434 2395 491 2454 Aut
507 2390 694 2452 Fabrateriae
715 2391 816 2450 domus
839 2399 889 2450 aut
910 2387 1071 2451 Frusinone
1095 2401 1223 2470 paratur,

434 2477 539 2553 Quanti
561 2493 637 2535 nune
659 2475 797 2535 tenebras
819 2492 904 2534 unum
927 2475 1066 2535 conducis
1086 2477 1113 2534 iu
1135 2494 1247 2536 aunum.
1378 2486 1428 2538 225

434 2560 571 2622 Hortalus
593 2559 641 2619 hic
661 2569 824 2639 puteusque
847 2559 946 2619 brevis
966 2578 1021 2620 nec
1041 2569 1121 2619 reste
1141 2559 1301 2619 movendus

433 2645 465 2706 ln
487 2655 591 2705 tenues
607 2643 720 2722 plautas
742 2644 822 2705 sacili
847 2643 1013 2704 diffunditur
1033 2641 1146 2705 haustu.

433 2730 508 2790 Vive
532 2728 657 2789 bidentis
677 2746 776 2789 amans
798 2735 828 2789 et
846 2728 915 2788 culti
949 2728 1052 2788 vilicus
1072 2728 1159 2801 horti,

436 2814 519 2874 Unde
541 2811 658 2891 epulum
681 2815 779 2891 possis
801 2822 916 2873 centum
936 2811 1006 2873 dare
1029 2811 1231 2890 Pythagoreis.

435 2898 487 2958 list
508 2897 632 2975 aliquid,
654 2915 837 2977 quocumque
864 2898 949 2972 loco,
973 2913 1157 2977 quocumque
1179 2916 1313 2969 recessu,
1378 2904 1429 2959 000

435 2982 525 3041 liuius
548 3000 616 3041 sese
640 2981 781 3041 dominum
804 2982 916 3042 iecisse
938 2981 1079 3041 lacertae.

476 3065 618 3126 Plurimus
640 3065 689 3125 bie
710 3084 803 3143 aeger
825 3068 945 3125 moritur
964 3064 1128 3143 vigilaud03
1152 3064 1205 3125 sed
1228 3066 1320 3143 ipsum

435 3151 617 3228 Languorem
638 3150 754 3228 peperit
776 3150 858 3210 cibus
879 3150 1068 3229 imperfectus
1092 3158 1121 3209 et
1141 3148 1264 3209 haerens

435 3234 557 3295 Ardenti
577 3233 743 3301 stomacho:
765 3252 829 3294 nam
850 3253 926 3314 quae
947 3235 1095 3295 meritoria
1116 3250 1243 3293 somnum

436 3315 614 3380 Admittunt?
635 3320 745 3396 maguis
765 3318 870 3397 opibus
892 3319 1031 3378 dormitur
1053 3319 1081 3377 in
1101 3317 1182 3377 urbe.
1377 3325 1428 3379 000

436 3403 505 3464 lude
529 3412 614 3481 caput
634 3402 728 3463 morbi
735 3423 744 3471 ;
765 3402 898 3462 redarum
922 3403 1057 3462 transitus
1080 3410 1144 3463 arto

436 3487 573 3547 Vicorum
593 3487 699 3547 indexu
722 3495 752 3546 et
773 3488 873 3547 stantis
895 3488 1026 3547 convicia
1050 3486 1185 3547 mandrae

436 3571 568 3651 Eripieut
589 3590 719 3633 somnum
740 3570 836 3631 Druso
859 3571 1015 3650 vitulisque
1036 3571 1161 3629 marinis.

436 3658 467 3715 Si
490 3665 578 3717 uocat
599 3657 744 3733 cilicium,
765 3655 848 3716 turba
872 3656 996 3715 cedente
1019 3654 1143 3714 vehetur

438 3739 526 3800 Dives
547 3749 577 3799 et
598 3741 707 3815 ingenti
731 3749 829 3800 curret
847 3757 937 3815 super
959 3754 1010 3797 ora
1029 3737 1166 3811 Liburno,
1377 3748 1428 3799 tto
