3434 4575
386 466 450 532 334
709 464 753 525 Μ.
771 463 864 526 VAL.
882 462 1113 526 MARTIALIS

776 666 912 728 cxxlv.
941 665 1038 750 Toga.

371 759 386 775 ²
470 769 623 829 Romanos
638 784 743 827 rerum
761 765 901 825 dominos
918 772 1108 844 gentemque
1124 773 1272 847 togatam

511 851 567 913 Ille
581 852 672 929 fucit,
694 868 802 929 magno
818 851 872 929 qui
889 847 977 909 dedit
992 855 1074 910 astru
1090 852 1192 932 putri.

790 983 911 1047 CXXV.
934 983 1029 1045 Idem.

469 1084 502 1145 Si
515 1077 681 1144 matutinos
694 1082 819 1144 facilest
834 1084 891 1142 tibi
906 1081 1042 1162 perdere
1056 1100 1209 1164 somnos,

509 1169 626 1229 Attrita
639 1169 745 1227 veniet
758 1166 899 1248 sportula
914 1184 1007 1247 saepe
1021 1172 1104 1245 tngo.

737 1300 871 1364 cxxvi.
894 1298 1071 1362 Endromis

467 1401 618 1480 Pauperis
633 1405 683 1459 est
696 1419 821 1478 munus,
842 1401 899 1459 sed
912 1420 975 1476 non
988 1404 1038 1460 est
1051 1401 1208 1480 pauperis
1224 1421 1318 1465 nous.

508 1486 596 1546 Hane
609 1484 666 1543 tibi
681 1503 739 1563 pro
752 1481 841 1544 luens
857 1485 1006 1543 mittimus
1020 1481 1224 1545 endromidu.

663 1617 812 1679 CXXVII.
837 1616 1014 1679 Canusinae
1026 1618 1149 1692 fuscae.

464 1716 551 1777 Haeo
564 1718 622 1777 tibi
637 1718 760 1778 turbato
776 1717 929 1779 Canusina
946 1717 1100 1778 simillime
1114 1716 1224 1778 mulso

506 1801 621 1861 Munus
639 1802 711 1862 erit.
736 1800 860 1863 (leudes
882 1821 944 1863 non
960 1804 1022 1862 cito
1036 1802 1093 1861 liet
1106 1819 1200 1862 anus.

673 1934 838 1997 CXXVIII.
865 1934 1131 1997 Bardocucullus.

466 2029 567 2095 Gellia
584 2032 750 2093 Santonico
764 2033 859 2093 vestit
873 2038 905 2092 te
920 2029 1149 2092 bardocucullo.
1220 2065 1225 2073 ·

507 2117 802 2197 Cercopithecorum
816 2113 956 2211 poenula·
963 2133 1062 2197 nuper
1076 2121 1156 2176 eret.

671 2250 805 2312 OXXIX.
830 2249 1009 2313 Canusinae
1023 2252 1123 2330 rafae.

463 2349 561 2409 Rome
572 2348 668 2426 magis
681 2348 777 2408 fuscis
791 2351 939 2428 vestitur,
961 2347 1170 2428 (inliteratis,

505 2433 547 2492 Et
561 2429 666 2511 plscet
680 2433 732 2491 hic
746 2434 852 2512 pueris
867 2432 1079 2512 militibusque
1095 2431 1196 2495 color.

686 2566 805 2628 CXXX.
828 2566 973 2628 Poenulo
987 2573 1118 2629 scortea.

460 2663 639 2744 Ingrediare
652 2667 731 2726 vlern
747 2666 833 2726 caelo
846 2664 923 2726 licet
937 2684 1034 2745 usque
1050 2683 1184 2744 sereno,

504 2749 554 2810 Ad
568 2751 684 2810 subitus
699 2769 853 2829 nunqnam
867 2757 990 2811 scorteo
1005 2749 1086 2810 desit
1100 2768 1208 2829 aquus.

647 2884 781 2946 CXXXI.
805 2884 969 2947 Lacernae
984 2886 1156 2947 coccineae.

461 2980 495 3043 Si
508 2981 632 3044 Veneto
647 2983 814 3045 Frusinone
828 2985 931 3062 isses,
953 2982 1027 3063 qnld
1044 2983 1171 3044 coccina
1185 2990 1330 3053 sumes!

502 3065 619 3126 Ne-lies
633 3067 694 3127 ista
708 3069 866 3147 transfuga
883 3074 984 3147 sorte,
1005 3065 1086 3127 vide.

750 3201 898 3264 cxxxn.
920 3202 1049 3266 Pt‘leam.

460 3295 495 3358 Si
509 3316 649 3379 possem,
672 3303 753 3359 totus
767 3319 913 3380 cuperem
928 3301 1048 3360 misisse
1062 3296 1220 3364 lacernas.

500 3382 589 3443 Nunc
604 3386 722 3443 tuntum
736 3386 830 3466 cupiti
843 3403 971 3444 munera
986 3386 1074 3444 mitto
1089 3390 1153 3444 tuo.

634 3516 797 3579 CXXXIII.
821 3516 983 3581 bacernae
999 3518 1161 3582 Baeticae.

457 3616 527 3678 Non
542 3623 592 3679 est
603 3616 764 3679 luna-mihi
779 3618 929 3696 mendox,
950 3637 1009 3679 nec
1025 3624 1128 3678 mutor
1144 3620 1273 3688 cheno:

500 3701 552 3762 Sic
565 3701 707 3784 placeant
722 3702 854 3782 Tyriae:
876 3721 926 3763 me
942 3722 1010 3764 mec
1024 3702 1115 3764 tlnxlt
1130 3704 1209 3767 ovis.
