3434 4575
685 466 812 518 suanm
834 465 907 519 xlv.

320 601 436 673 barem
463 619 599 671 constare
625 617 705 688 putat
733 609 912 690 paribusque
940 608 1102 687 elementis,

320 695 500 757 insaevire
523 694 612 756 docet
636 693 766 771 Rutilus,
797 695 845 773 qui
866 694 977 772 gaudet
998 695 1108 756 acerbo

319 781 471 859 Plagarum
496 780 618 858 strepitu
641 788 670 839 et
693 779 799 840 nullam
822 780 924 839 Sirena
952 779 1078 857 llagellis

319 864 490 945 Comparat,
514 863 687 943 Antiphates
709 865 814 942 trepidi
836 864 904 924 laris
925 882 960 923 ac
982 864 1188 942 Polyphemus.
1274 877 1310 930 w

317 949 397 1011 Tuae
419 950 511 1024 felix,
536 949 653 1029 quoties
678 948 782 1026 aliquis
805 958 918 1008 tortore
945 958 1052 1009 vocato

317 1035 415 1097 Uritur
438 1035 552 1095 ardenti
574 1034 631 1094 duo
657 1044 779 1112 propter
801 1034 889 1094 lintea
913 1030 1017 1093 ierrol

317 1118 391 1194 Quid
414 1119 519 1180 suadet
541 1119 637 1178 iuveni
660 1118 753 1179 laetus
778 1117 904 1178 stridore
929 1127 1060 1195 catenae,

317 1203 411 1278 Quem
431 1203 505 1264 mire
528 1203 657 1263 afficiunt
676 1204 815 1281 inscripta
838 1202 1005 1279 ergastula,
1030 1200 1156 1264 carceri

317 1288 454 1349 liustious
479 1296 653 1366 exspectas,
680 1295 791 1346 utnon
814 1287 850 1346 sit
876 1287 1006 1348 adultera
1029 1286 1142 1365 Largae
1273 1299 1309 1354 25

316 1372 406 1449 Filia,
432 1390 508 1451 quae
531 1389 683 1450 numquam
705 1381 851 1431 maternos
875 1372 975 1431 dicere
997 1372 1137 1432 moechos

316 1456 385 1518 'lam
411 1457 470 1517 cito
494 1475 549 1517 nec
574 1465 654 1516 tauto
680 1458 789 1535 poterit
811 1465 972 1517 contexere
998 1475 1094 1533 cursu,

318 1542 435 1602 lltnou
458 1542 625 1602 terdecies
651 1538 801 1619 respiret?
830 1543 949 1600 conscia
974 1543 1056 1601 matri

318 1627 409 1705 Virgo
432 1626 501 1691 luit:
525 1643 610 1686 ceras
637 1644 712 1685 nunc
734 1624 789 1685 lnac
812 1624 940 1686 dictante
968 1625 1090 1704 pusillas

317 1711 421 1790 Implet
446 1719 476 1770 et
497 1710 533 1770 ad
555 1709 706 1770 moechum
731 1709 780 1769 dat
801 1710 911 1770 eisdem
935 1711 1014 1770 ferre
1039 1711 1177 1770 cinaedis.
1274 1722 1309 1774 30

317 1798 365 1856 Sic
391 1803 493 1856 natura
516 1794 611 1855 iubet:
635 1795 768 1855 velocius
791 1804 821 1853 et
844 1795 928 1853 citius
951 1812 1004 1853 nos

317 1879 511 1958 Corrumpunt
533 1880 668 1939 vitiorum
694 1877 846 1958 exempla,
874 1876 1035 1939 domestica
1060 1882 1171 1956 magnis

317 1966 410 2039 Quum
433 1963 558 2025 subeunt
584 1965 695 2025 animos
721 1962 900 2028 auctoribus.
939 1961 1018 2024 Unus
1043 1973 1073 2023 et
1095 1963 1170 2024 alter

315 2045 451 2110 Forsitan
480 2049 554 2109 haec
581 2059 719 2127 spernant
743 2048 882 2122 iuvenes,
909 2046 1014 2126 quibus
1037 2057 1100 2108 arte
1126 2048 1251 2127 benigna

315 2133 352 2195 Et
375 2133 500 2194 meliore
527 2133 588 2193 luto
612 2134 692 2193 tinxit
716 2133 890 2211 praecordia
913 2131 1009 2199 Titan:
1092 2132 1093 2135 ’
1273 2144 1307 2198 aa

315 2218 374 2280 Sed
396 2217 528 2300 reliquos
554 2217 693 2297 fugienda
718 2227 829 2297 patrum
853 2219 981 2296 vestigia
1005 2218 1112 2278 ducunt

315 2303 352 2365 lit
373 2312 531 2364 monstrata
553 2303 601 2363 diu
625 2304 734 2363 veteris
760 2304 846 2364 trahit
868 2302 963 2363 orbita
990 2303 1105 2382 culpae.

315 2387 471 2449 Abstineas
498 2389 585 2466 igitur
608 2387 788 2456 damnandis;
814 2387 898 2447 huius
928 2389 1000 2447 enim
1022 2387 1072 2448 vel

314 2472 377 2533 Una
399 2481 504 2551 potens
526 2474 600 2531 ratio
626 2481 687 2547 est,
712 2491 749 2532 ne
775 2473 892 2532 crimina
916 2481 1015 2532 nostra
1037 2482 1196 2554 sequantur

315 2557 359 2618 Ex
379 2556 464 2617 nobis
486 2557 594 2634 geniti,
623 2558 759 2638 quoniam
785 2556 898 2617 dociles
922 2556 1064 2618 imitandis
1190 2609 1194 2616 ,
1275 2570 1308 2621 40

314 2641 461 2721 Turpilius
486 2659 522 2701 ac
545 2643 642 2719 pravis
667 2659 769 2701 omnes
791 2659 904 2709 sumus:
932 2651 961 2700 ct
987 2639 1139 2704 Catilinam

314 2725 505 2805 Quocumque
527 2726 555 2785 in
578 2725 689 2805 populo
714 2726 830 2800 videas,
857 2744 1042 2807 quocumque
1064 2727 1118 2788 sub
1142 2746 1209 2802 axe,

314 2809 373 2871 Sed
399 2828 456 2871 nec
477 2809 581 2869 Brutus
605 2812 675 2885 erit,
698 2810 778 2870 Bruti
801 2828 856 2870 nec
882 2811 1042 2871 avunculus
1065 2830 1194 2892 usquam.

314 2893 360 2956 Nil
383 2896 462 2956 dictu
484 2895 601 2955 loedum
624 2897 747 2973 risuque
769 2894 843 2955 baec
872 2894 967 2956 limina
990 2905 1099 2973 tangat,

314 2979 389 3039 lntra
415 2997 490 3058 quae
514 2987 598 3058 pater
620 2989 680 3046 est;
707 2980 825 3057 procul,
851 2980 889 3041 ab
911 2980 1014 3058 procul
1037 2981 1103 3041 inde
1127 2982 1245 3060 puellae
1274 2992 1307 3045 45

315 3064 460 3123 lenonum
476 3074 516 3126 ,et
540 3073 640 3124 cantus
666 3066 866 3143 pernoctantis
891 3067 1026 3144 parasiti!

313 3147 436 3208 blaxima
460 3148 584 3209 debetur
607 3167 701 3229 puero
723 3151 905 3211 reverentia:
931 3150 956 3208 si
980 3151 1048 3230 quid

313 3231 412 3313 'l'urpe
439 3251 541 3311 paras,
569 3252 624 3294 nec
650 3243 678 3293 tu
702 3235 786 3313 pueri
810 3236 1022 3313 contempseris
1046 3252 1148 3311 annos,

313 3317 372 3377 Sed
396 3328 557 3397 peccaturo
580 3318 678 3378 obstet
702 3317 753 3379 tibi
781 3318 984 3379 uitusinfans.

313 3400 385 3463 Nam
411 3404 436 3461 si
464 3402 533 3481 quid
559 3403 675 3481 dignum
703 3406 836 3463 censoris
865 3404 969 3464 lecerit
993 3406 1033 3463 ira
1272 3413 1307 3465 50

315 3485 498 3566 Quandoque
526 3497 555 3546 et
578 3488 700 3547 similem
722 3487 773 3548 tibi
799 3507 833 3548 se
862 3506 919 3549 non
941 3505 1068 3565 corpore
1096 3497 1201 3548 tantum

313 3569 376 3631 Nec
400 3571 481 3632 vultu
509 3571 639 3647 dederit,
667 3589 776 3632 momm
803 3591 923 3654 quoque
948 3571 1023 3630 lulius
1045 3582 1075 3632 et
1098 3574 1147 3652 qui

314 3655 415 3716 Omnia
443 3655 573 3717 deterius
596 3667 642 3716 tua
669 3675 724 3735 per
745 3660 870 3735 vestigia
896 3664 1011 3736 peccet,

314 3737 467 3817 corripies
493 3742 622 3800 nimirum
646 3751 676 3801 et
698 3741 856 3819 castigabis
881 3739 990 3802 acerbo
