3434 4575
442 457 480 516 74
789 467 824 514 n.
849 466 921 514 rou.
946 465 1132 514 ruvnuunrs

443 609 559 669 Fortem
582 624 673 686 posca
698 610 837 684 animum,
861 607 961 667 mortis
984 615 1098 667 terrore
1122 617 1279 684 carentem,

442 694 498 768 Qud
520 695 641 772 spatium
672 694 748 752 vitae
775 702 935 752 extremum
961 693 1035 751 iuter
1059 710 1177 753 munera
1200 702 1288 772 ponat

442 778 586 854 Naturae,
617 780 665 856 qui
689 778 768 837 lerre
788 786 881 856 queat
906 794 1106 855 quoscumque
1133 778 1263 854 labores,

442 863 562 923 Nesciat
584 864 688 937 irasci,
713 863 810 942 cupiat
834 862 904 921 nihil
926 870 956 920 et
979 864 1112 940 potiores
1382 873 1434 927 ³6⁰

441 947 576 1008 Herculis
600 965 754 1007 aerumnas
780 946 880 1007 credat
908 962 1074 1024 saevosque
1097 947 1216 1007 labores

441 1030 478 1093 Et
501 1032 619 1092 Venere
643 1042 672 1091 et
698 1031 798 1092 coenis
822 1040 851 1090 et
876 1031 971 1109 pluma
997 1031 1207 1111 Sardanapalli.

441 1115 571 1176 Monstro
595 1117 673 1196 quod
697 1118 761 1196 ipse
784 1115 835 1175 tibi
863 1116 961 1193 possis
988 1116 1073 1184 dare:
1100 1119 1202 1177 semita
1224 1125 1305 1176 certe

404 1227 406 1233 ·
442 1200 626 1280 Tranquillae
656 1219 710 1279 per
730 1202 864 1260 virtutem
888 1209 968 1278 patet
991 1201 1075 1260 unica
1099 1203 1186 1261 vitae.

442 1283 556 1346 Nullum
577 1303 681 1345 numen
703 1285 802 1360 abest,
827 1286 851 1344 si
875 1285 913 1343 sit
931 1285 1098 1363 prudentia;
1123 1304 1176 1344 nos
1198 1295 1228 1344 te
1384 1295 1434 1350 365

440 1368 503 1428 Nos
525 1369 663 1442 iacimus,
689 1369 834 1445 Fortuna,
862 1368 945 1429 deam
971 1369 1117 1447 coeloque
1139 1370 1278 1429 locamus.

771 1691 1006 1757 SATIRA
1039 1693 1099 1756 XI.

442 1823 562 1914 Atticus
586 1852 691 1912 eximie
712 1854 737 1912 si
763 1862 884 1929 coenat,
908 1853 1003 1914 lautus
1026 1853 1162 1919 hebetum

441 1940 472 1999 Si
494 1935 624 2013 Rutilus,
651 1937 780 1997 demens.
816 1937 890 2011 Quid
915 1939 990 1998 enim
1016 1938 1125 1997 maiore
1149 1935 1290 1996 cachinno

442 2022 595 2101 Excipitur
618 2021 716 2098 vulgi,
742 2040 826 2101 quam
849 2040 963 2101 pauper
987 2018 1128 2100 Apicius?
1149 2021 1240 2080 omnis

443 2106 616 2179 Convictus,
640 2106 786 2183 thermae,
815 2109 973 2181 stationes,
996 2123 1081 2165 omne
1103 2106 1244 2165 theatrum

443 2191 486 2252 De
513 2189 621 2251 Rutilo.
657 2187 728 2249 Nam
755 2190 820 2251 dum
844 2191 940 2251 valida
965 2208 1000 2249 ac
1025 2190 1168 2251 iuvenalia
1194 2189 1321 2251 membra
1419 2205 1435 2256 5

443 2276 595 2337 Sufficiunt
622 2274 744 2353 galeae,
772 2275 897 2353 dumque
922 2274 1024 2335 ardent
1051 2275 1206 2353 sanguine,
1234 2275 1336 2353 fertur,

443 2359 507 2421 Nou
533 2371 658 2438 cogente
682 2360 815 2438 quidem,
840 2359 893 2420 sed
917 2378 972 2419 uec
997 2359 1172 2438 prohibente
1195 2361 1321 2435 tribuno,

443 2446 610 2523 Scripturas
634 2444 718 2522 leges
746 2453 775 2504 et
801 2446 883 2521 regia
907 2443 998 2504 verba
1022 2444 1154 2503 lanistae.

443 2530 550 2589 lllultos
573 2546 662 2607 porro
687 2528 786 2605 rides,
811 2546 886 2607 qnos
910 2546 1001 2606 saepe
1028 2528 1127 2588 elusus
1153 2528 1189 2588 ad
1216 2529 1308 2608 ipsum

444 2611 579 2673 creditor
601 2614 746 2674 introitum
772 2613 850 2673 solet
873 2622 1049 2692 exspectare
1073 2613 1201 2689 macelli,
1405 2628 1437 2679 10

446 2696 480 2758 Et
507 2696 610 2776 quibus
633 2699 661 2757 in
685 2697 749 2758 solo
773 2698 890 2758 vivendi
914 2715 1001 2758 causa
1025 2695 1123 2776 palato
1148 2706 1203 2756 est.

446 2780 590 2860 Egregius
614 2792 720 2842 coenat
741 2783 905 2862 meliusque
925 2783 1103 2843 miserrimus
1126 2781 1227 2842 horum

444 2865 481 2927 Et
506 2867 564 2926 cito
590 2884 709 2926 casurus
735 2870 789 2926 iam
812 2868 983 2947 perlucente
1011 2868 1101 2927 ruina.

443 2952 557 3012 Interea
582 2960 683 3028 gustus
706 2951 850 3013 elementa
875 2953 1046 3030 peremnia
1070 2960 1221 3030 quaerunt,

444 3035 603 3114 Numquam
631 3036 725 3094 animo
748 3037 848 3113 pretiis
876 3036 1072 3103 obstantibus;
1101 3036 1220 3096 interius
1244 3038 1268 3094 si
1405 3051 1435 3102 15

446 3121 602 3193 attendas,
627 3121 719 3196 magis
740 3119 790 3179 illa
813 3121 926 3196 iuvant,
951 3138 1026 3200 qnae
1049 3120 1141 3199 pluris
1165 3129 1305 3181 emuntur.

444 3204 523 3283 Ergo
547 3203 621 3264 haud
647 3202 766 3263 difficile
789 3214 835 3263 est
860 3206 1016 3283 perituram
1041 3221 1195 3265 arcessere
1220 3222 1367 3283 summam,

444 3289 585 3350 lancibus
611 3288 757 3367 oppositis
781 3288 830 3349 vel
854 3290 954 3349 matris
976 3290 1100 3367 imagine
1124 3289 1227 3364 tracta,

445 3373 482 3434 Et
508 3374 723 3454 quadringentis
748 3375 869 3433 nummis
895 3374 1013 3434 condire
1038 3374 1174 3450 gulosum

445 3458 564 3521 Fictile:
589 3460 632 3518 sic
654 3458 773 3519 veniant
799 3458 835 3518 ad
872 3457 1049 3519 miscillnuea
1072 3456 1140 3517 ludi.
1401 3471 1437 3524 20

445 3542 548 3604 Refert
574 3559 661 3622 ergo,
686 3544 751 3623 quis
776 3543 849 3603 lraec
876 3542 977 3602 eadem
1006 3550 1103 3620 paret:
1127 3542 1156 3601 iu
1179 3539 1277 3602 Rutilo
1303 3561 1366 3603 narn

445 3626 568 3688 Luxuria
594 3638 657 3703 est,
683 3629 710 3687 iu
734 3627 869 3688 Ventidio
895 3626 1040 3687 landabile
1063 3642 1169 3686 nomeu

445 3712 535 3772 Sumit
561 3722 590 3773 et
613 3732 629 3774 a
652 3732 740 3773 ceusu
765 3713 867 3774 lamam
892 3711 986 3773 trahit.
1025 3711 1107 3771 lllum
1132 3727 1190 3789 ego
1212 3711 1275 3772 iure
