3434 4575
728 489 854 538 SATIRA
877 489 925 540 VI.
1262 479 1301 539 45

304 626 384 703 Quae
402 629 538 708 peperit:
561 628 674 689 timidus
697 639 870 708 praegustet
891 631 998 710 pocula
1020 634 1158 713 pappus}

304 711 451 791 Fingimus
474 712 550 774 haec
570 713 659 774 altum
681 716 770 775 satira
794 725 926 775 sumente
948 716 1116 776 cothurnum

304 797 425 858 Scilicet
449 808 479 859 et
503 799 594 858 duem·
610 800 725 878 egressi
748 798 906 879 legemque
929 801 1057 879 priorum
1250 815 1302 870 636

305 882 418 943 Grande
443 882 615 962 Sophocleo
639 901 757 944 carmen
779 884 956 945 bacchamur
978 884 1068 962 hiatu,

304 966 451 1028 blontibus
470 969 600 1046 ignotum
620 967 736 1028 Rutulis
759 969 906 1047 coeloque
929 966 1053 1029 Latino?

262 1054 264 1059 ’
304 1050 363 1111 Nos
385 1053 494 1113 utinam
516 1052 596 1113 vani!
619 1051 672 1112 sed
697 1053 801 1112 elamat
820 1053 937 1113 Pontia:
962 1053 1044 1126 Feci,

305 1134 472 1212 Conhteor,
497 1137 656 1216 puerisque
679 1139 752 1196 meis
775 1141 889 1198 aconita
913 1140 1023 1216 paravi,

305 1222 385 1294 Quae
404 1220 552 1300 deprensa
577 1231 690 1300 patent:
714 1222 842 1282 lacinus:
866 1231 960 1283 tamen
983 1226 1046 1303 ipsa
1071 1227 1231 1302 peregi-
1251 1238 1304 1291 640

305 1304 383 1365 Tune
408 1304 482 1365 duos
505 1324 574 1382 una,
598 1306 771 1366 saevissima
795 1308 913 1385 vipera,
938 1303 1054 1368 coeual

305 1389 384 1450 lune
407 1387 693 1469 danai-Septem,
712 1391 862 1468 siseptem
884 1392 960 1452 iorte
984 1392 1171 1453 tuissent.-

306 1471 465 1535 Gredamus
487 1475 624 1553 tragicis,
649 1474 786 1554 quidquid
807 1477 844 1535 de
870 1473 1012 1537 Colchide
1032 1485 1114 1537 torva

305 1558 416 1620 Dicitur
440 1568 469 1617 et
492 1558 622 1619 Praene:
646 1560 684 1619 nil
709 1570 809 1620 contra
833 1577 940 1627 eonor:
965 1572 993 1621 et
1016 1561 1084 1620 illae

306 1642 429 1704 Grandia
451 1653 579 1704 monstra
601 1644 662 1703 suis
681 1643 826 1704 audebant
849 1645 1046 1723 temporibus;
1069 1645 1122 1706 sed
1250 1660 1303 1716 o'ib

306 1728 366 1787 Non
392 1737 516 1806 propter
536 1745 678 1788 nummos.
724 1725 820 1788 Minor
841 1729 992 1790 admiratio
1013 1731 1130 1790 summis

306 1813 437 1873 Debetur
457 1813 610 1885 monstris,
635 1814 751 1893 quoties
774 1813 844 1872 lacit
868 1815 909 1872 ira
933 1823 1087 1874 nocentem

306 1897 385 1958 llunc
405 1915 522 1964 sexum:
545 1896 628 1957 rabie
650 1897 733 1958 iecur
756 1898 931 1958 incendente
955 1899 1087 1958 feruutur

307 1981 502 2060 Praecipites,
524 1992 553 2042 ot
576 1999 647 2042 saxa
670 1983 746 2060 iugis
770 1981 910 2060 abrupta,
934 1982 1039 2062 quibus
1060 1998 1143 2043 mons

306 2066 490 2127 Subtrahitur
512 2065 648 2145 clivoque
671 2065 745 2127 latus
768 2065 914 2146 pendente
937 2068 1060 2128 recedit.
1161 2090 1164 2095 ·
1250 2082 1303 2137 666

305 2151 384 2212 lllam
409 2168 468 2229 ego
490 2169 546 2210 non
569 2150 710 2226 tulerim,
725 2169 800 2230 quae
822 2161 970 2230 computat
990 2162 1019 2212 et
1041 2150 1140 2212 scelus
1162 2154 1265 2233 ingens

305 2238 379 2297 Sana
401 2236 480 2296 lacit.
525 2238 667 2315 Spectant
688 2235 861 2297 subeuntem
883 2238 940 2298 iata
962 2239 1055 2299 mariti
1177 2242 1180 2249 '

305 2322 447 2382 Alcestim
469 2331 515 2398 et,
538 2322 639 2381 similis
658 2322 682 2380 si
706 2324 880 2400 permutatio
903 2323 997 2398 detur,

305 2406 398 2466 blorte
421 2406 476 2465 viri
501 2407 617 2483 cupiant
637 2407 758 2465 animam
782 2425 903 2466 servare
928 2407 1063 2468 catellae.

305 2490 468 2551 Occurrent
490 2489 596 2551 multae
620 2490 671 2550 tibi
693 2490 811 2550 belides
831 2501 918 2570 atque
942 2490 1103 2572 Eriphylae
1249 2507 1302 2562 666

304 2574 403 2638 blane:
428 2572 688 2648 Clytaemnestram
712 2574 806 2634 nullus
827 2592 884 2635 non
906 2578 988 2635 vicus
1011 2577 1136 2638 habebit.

305 2660 366 2720 llne
389 2669 496 2719 tantum
511 2660 620 2731 refert,
645 2659 722 2739 quod
746 2658 888 2733 Tyndaris
910 2660 958 2720 illa
982 2661 1137 2740 bipennem

304 2743 446 2805 insulsam
469 2752 498 2803 et
520 2743 625 2804 fatuam
649 2744 751 2803 dextra
776 2743 919 2823 laevaque
939 2746 1074 2806 tenebat·

306 2828 341 2888 ht
364 2847 441 2888 nunc
464 2846 512 2887 res
531 2830 627 2907 agitur
650 2829 727 2888 tenui
749 2829 886 2906 pulmone
909 2829 1042 2905 rubetae,

305 2914 360 2973 Sed
384 2925 480 2975 tamen
502 2921 531 2972 et
553 2913 651 2987 ierro,
673 2914 698 2973 si
719 2911 921 2991 praegustabit
942 2915 1062 2976 Atrides
1250 2929 1302 2983 666

307 2998 424 3059 Pontica
447 3008 494 3056 ter
516 2998 584 3055 victi
604 3007 704 3056 cautus
725 2998 914 3057 medicamina
934 3001 1021 3075 regis.
