3434 4575
561 471 902 534 EPIGRAMMA'I'ON
916 472 990 534 LIB.
1007 473 1072 536 Vll.
1278 469 1342 537 159

384 624 508 705 Ecquid
521 625 673 684 femineos
688 625 845 702 sequeris,
868 629 1023 703 matrona,
1038 612 1204 704 recessus,

428 711 638 788 Secretusque
654 715 722 785 tua,
746 725 861 785 cunne,
882 706 994 768 lavaris
1008 709 1109 787 aqua?

756 869 895 934 xxxvi
1004 833 1010 845 ’

386 986 463 1045 (lum
477 982 595 1064 pluvias
609 983 825 1062 madId'umque
839 984 941 1044 lovem
955 984 1101 1063 perferre
1115 994 1245 1065 negaret

427 1070 470 1128 lat
483 1067 570 1127 rudis
583 1069 723 1128 hibernis
737 1067 812 1128 villa
826 1074 950 1127 nataret
965 1069 1067 1147 aquis,

384 1152 538 1226 Plurima,
561 1170 639 1230 quae
653 1158 760 1232 posset
773 1153 891 1212 subitos
906 1150 1068 1213 effundere
1081 1153 1216 1234 nimbos,

427 1236 611 1296 Muneribus
625 1238 711 1296 venit
724 1235 828 1314 tegula
842 1237 935 1295 missa
947 1237 1019 1300 tuis.

361 1319 558 1398 5H0rridur,
578 1338 667 1399 ecce,
689 1327 779 1380 sonat
791 1321 912 1379 Boreae
927 1319 1064 1380 stridore
1078 1319 1267 1383 December:

428 1402 543 1481 Stella,
563 1405 644 1482 tegis
658 1402 777 1483 vlllam,
798 1424 861 1464 nou
878 1406 958 1483 tegis
973 1401 1147 1483 angcolam.

751 1566 903 1631 XXXVII.

382 1678 473 1740 Nosti
488 1679 683 1739 mortiferum
698 1681 888 1758 quaestoris,
912 1679 1069 1756 Castrice,
1090 1679 1232 1757 signum?

426 1763 485 1822 Est
500 1765 761 1843 operaepretium
777 1763 899 1822 discere
914 1763 1002 1822 theta
1015 1780 1134 1821 novum.

383 1847 583 1926 Exprimeret
598 1848 742 1925 quotiens
756 1853 914 1906 rorantem
929 1846 1048 1923 frIgore
1063 1864 1185 1922 nasum,

425 1929 567 1990 Letalem
581 1928 677 2008 iuguli
691 1932 825 1990 iusserat
843 1948 913 1989 esse
928 1936 1040 1988 notam.

361 2015 502 2093 5Turpis
516 2016 553 2073 ab
570 2015 669 2074 inviso
683 2014 841 2093 pendebat
855 2014 944 2073 stiria
957 2032 1049 2089 naso,

428 2098 505 2157 (lum
519 2099 611 2158 flaret
624 2097 727 2158 media
741 2099 830 2158 fauce
845 2098 1020 2158 December
1035 2102 1130 2156 atrox.

386 2180 534 2260 Collegae
548 2188 680 2242 tenuere
692 2202 807 2243 munus.
837 2181 919 2258 Quid
933 2180 1024 2263 plura
1039 2179 1196 2260 requiris?

427 2267 560 2346 Emungi
573 2268 705 2346 misero,
728 2267 885 2346 (Busirim,
907 2285 969 2327 non
983 2264 1080 2327 licuit.

743 2414 909 2476 XXXVIII.

388 2527 508 2589 'l'antus
525 2535 606 2587 eset
620 2528 692 2588 talis
706 2529 824 2606 nostrl,
845 2523 1055 2607 Polypheme,
1077 2526 1202 2603 Severl,

429 2613 473 2673 Ut
486 2620 519 2672 te
535 2613 641 2671 mirari
655 2613 755 2692 possit
770 2612 884 2690 etipse
900 2609 1042 2690 Cyclops.
1249 2658 1252 2662 .

388 2695 452 2756 Sed
465 2716 523 2756 nec
539 2694 645 2775 Scylla
658 2698 769 2758 minor.
800 2694 890 2771 Quod
904 2696 932 2753 si
945 2694 1014 2753 fera
1027 2699 1165 2755 monstra
1178 2691 1308 2752 duorum

430 2781 585 2859 lunxeris,
607 2778 737 2841 alterius
750 2780 807 2839 det
821 2785 955 2858 uterque
970 2779 1072 2839 timor.

751 2926 890 2989 XXXIX.

387 3040 550 3100 Discursus
564 3041 665 3100 varios
678 3058 847 3119 vagumque
861 3057 949 3099 mane

387 3125 430 3185 Et
442 3124 540 3183 fastus
556 3131 590 3183 et
603 3142 658 3183 ave
671 3126 884 3203 potentiorum

388 3208 464 3268 com
479 3208 624 3286 perferre
639 3209 766 3287 patique
781 3210 841 3268 iam
851 3212 999 3285 negaret,

388 3292 502 3370 Coepit
516 3292 636 3368 fingere
651 3290 776 3351 Caelius
790 3291 967 3371 podagram.

364 3376 485 3450 bQuam
500 3373 572 3432 dum
586 3373 650 3433 volt
662 3376 752 3432 nimis
765 3375 938 3453 approbare
951 3387 1056 3433 verum

362 3475 368 3484 ’
386 3459 429 3517 Et
442 3475 531 3516 sanas
543 3455 615 3515 linit
629 3454 806 3533 obligatque
819 3454 941 3535 plantas

386 3539 568 3618 Inceditque
583 3537 680 3617 gradu
692 3538 865 3615 laborioso,

386 3656 431 3668 -
444 3624 597 3699 Quantum
612 3643 685 3683 cura
701 3628 807 3702 potest
820 3629 854 3681 et
867 3640 916 3681 ars
932 3619 1064 3683 dolorial
1076 3647 1120 3664 -··

387 3707 477 3769 Desit
490 3708 609 3786 fingere
625 3707 750 3770 caelius
762 3705 939 3788 podagram.
