<?xml version="1.0" encoding="UTF-8"?>
<!DOCTYPE html PUBLIC "-//W3C//DTD XHTML 1.0 Transitional//EN"
    "http://www.w3.org/TR/xhtml1/DTD/xhtml1-transitional.dtd">
<html xmlns="http://www.w3.org/1999/xhtml" xml:lang="en" lang="en">
 <head>
  <title>
</title>
<meta http-equiv="Content-Type" content="text/html;charset=utf-8" />
  <meta name='ocr-system' content='tesseract 3.04.00' />
  <meta name='ocr-capabilities' content='ocr_page ocr_carea ocr_par ocr_line ocrx_word'/>
</head>
<body>
  <div class='ocr_page' id='page_1' title='image "./satirarumlibriq00juvegoog_0384.png"; bbox 0 0 3434 4575; ppageno 0'>
   <div class='ocr_carea' id='block_1_1' title="bbox 335 354 1060 422">
    <p class='ocr_par' dir='ltr' id='par_1_1' title="bbox 335 354 1060 422">
     <span class='ocr_line' id='line_1_1' title="bbox 335 354 1060 422; baseline -0.007 -1"><span class='ocrx_word' id='word_1_1' title='bbox 335 354 399 422; x_wconf 75' lang='lat'><strong>178</strong></span> <span class='ocrx_word' id='word_1_2' title='bbox 662 358 707 419; x_wconf 60' lang='lat' dir='ltr'><strong>ll</strong></span> <span class='ocrx_word' id='word_1_3' title='bbox 723 357 814 418; x_wconf 74' lang='lat' dir='ltr'>YAL.</span> <span class='ocrx_word' id='word_1_4' title='bbox 829 357 1060 418; x_wconf 70' lang='lat' dir='ltr'><strong>mllfflldss</strong></span> 
     </span>
    </p>
   </div>
   <div class='ocr_carea' id='block_1_2' title="bbox 419 560 1263 753">
    <p class='ocr_par' dir='ltr' id='par_1_2' title="bbox 419 560 1263 753">
     <span class='ocr_line' id='line_1_2' title="bbox 831 560 883 621; baseline 0.019 -1"><span class='ocrx_word' id='word_1_5' title='bbox 831 560 883 621; x_wconf 80' lang='lat' dir='ltr'><strong>lx.</strong></span> 
     </span>
     <span class='ocr_line' id='line_1_3' title="bbox 419 670 1263 753; baseline 0.007 -21"><span class='ocrx_word' id='word_1_6' title='bbox 419 670 550 733; x_wconf 83' lang='lat' dir='ltr'><strong>Solvere</strong></span> <span class='ocrx_word' id='word_1_7' title='bbox 566 671 748 733; x_wconf 71' lang='lat' dir='ltr'><strong>dodrantem</strong></span> <span class='ocrx_word' id='word_1_8' title='bbox 764 691 864 753; x_wconf 81' lang='lat' dir='ltr'>nuper</span> <span class='ocrx_word' id='word_1_9' title='bbox 878 673 952 749; x_wconf 83' lang='lat' dir='ltr'><strong>tibi,</strong></span> <span class='ocrx_word' id='word_1_10' title='bbox 973 673 1111 753; x_wconf 76' lang='lat' dir='ltr'><strong>Quinte,</strong></span> <span class='ocrx_word' id='word_1_11' title='bbox 1131 674 1263 738; x_wconf 69' lang='lat' dir='ltr'><strong>uolebat</strong></span> 
     </span>
    </p>
   </div>
   <div class='ocr_carea' id='block_1_3' title="bbox 420 754 1230 1005">
    <p class='ocr_par' dir='ltr' id='par_1_3' title="bbox 420 754 1230 1005">
     <span class='ocr_line' id='line_1_4' title="bbox 460 754 1195 837; baseline 0.008 -21"><span class='ocrx_word' id='word_1_12' title='bbox 460 756 577 837; x_wconf 79' lang='lat' dir='ltr'><strong>Llppna</strong></span> <span class='ocrx_word' id='word_1_13' title='bbox 592 756 707 836; x_wconf 72' lang='lat' dir='ltr'><strong>Hylan,</strong></span> <span class='ocrx_word' id='word_1_14' title='bbox 729 756 833 817; x_wconf 77' lang='lat' dir='ltr'><strong>lnuena</strong></span> <span class='ocrx_word' id='word_1_15' title='bbox 849 754 915 816; x_wconf 75' lang='lat' dir='ltr'><strong>volt</strong></span> <span class='ocrx_word' id='word_1_16' title='bbox 928 754 1004 816; x_wconf 83' lang='lat' dir='ltr'><strong>dare</strong></span> <span class='ocrx_word' id='word_1_17' title='bbox 1018 757 1195 822; x_wconf 77' lang='lat' dir='ltr'><strong>dimidiu</strong></span> 
     </span>
     <span class='ocr_line' id='line_1_5' title="bbox 420 842 1230 921; baseline 0.01 -21"><span class='ocrx_word' id='word_1_18' title='bbox 420 842 536 920; x_wconf 78' lang='lat' dir='ltr'>Accipe</span> <span class='ocrx_word' id='word_1_19' title='bbox 552 844 792 921; x_wconf 79' lang='lat' dir='ltr'><strong>quamprimnm3</strong></span> <span class='ocrx_word' id='word_1_20' title='bbox 813 842 918 900; x_wconf 73' lang='lat' dir='ltr'><strong>brevis</strong></span> <span class='ocrx_word' id='word_1_21' title='bbox 930 850 980 900; x_wconf 83' lang='lat' dir='ltr'><strong>eat</strong></span> <span class='ocrx_word' id='word_1_22' title='bbox 994 845 1120 904; x_wconf 74' lang='lat' dir='ltr'><strong>oemio</strong></span> <span class='ocrx_word' id='word_1_23' title='bbox 1130 842 1230 909; x_wconf 75' lang='lat' dir='ltr'><strong>lumi.</strong></span> 
     </span>
     <span class='ocr_line' id='line_1_6' title="bbox 462 923 1127 1005; baseline 0.003 -22"><span class='ocrx_word' id='word_1_24' title='bbox 462 923 494 983; x_wconf 89' lang='lat' dir='ltr'><strong>Si</strong></span> <span class='ocrx_word' id='word_1_25' title='bbox 510 925 607 984; x_wconf 76' lang='lat' dir='ltr'><strong>fuerit</strong></span> <span class='ocrx_word' id='word_1_26' title='bbox 622 943 748 1003; x_wconf 80' lang='lat' dir='ltr'><strong>caeenn,</strong></span> <span class='ocrx_word' id='word_1_27' title='bbox 769 924 815 984; x_wconf 88' lang='lat' dir='ltr'><strong>nil</strong></span> <span class='ocrx_word' id='word_1_28' title='bbox 829 926 888 984; x_wconf 87' lang='lat' dir='ltr'><strong>tibi</strong></span> <span class='ocrx_word' id='word_1_29' title='bbox 902 923 1004 985; x_wconf 74' lang='lat' dir='ltr'><strong>uoluet</strong></span> <span class='ocrx_word' id='word_1_30' title='bbox 1017 926 1127 1005; x_wconf 75' lang='lat' dir='ltr'><strong>llylaa.</strong></span> 
     </span>
    </p>
   </div>
   <div class='ocr_carea' id='block_1_4' title="bbox 835 1060 864 1118">
    <p class='ocr_par' dir='ltr' id='par_1_4' title="bbox 835 1060 864 1118">
     <span class='ocr_line' id='line_1_7' title="bbox 835 1060 864 1118; baseline 0 0"><span class='ocrx_word' id='word_1_31' title='bbox 835 1060 864 1118; x_wconf 82' lang='lat' dir='ltr'>X</span> 
     </span>
    </p>
   </div>
   <div class='ocr_carea' id='block_1_5' title="bbox 421 1169 1224 1417">
    <p class='ocr_par' dir='ltr' id='par_1_5' title="bbox 421 1169 1224 1417">
     <span class='ocr_line' id='line_1_8' title="bbox 421 1169 1051 1232; baseline 0.002 -2"><span class='ocrx_word' id='word_1_32' title='bbox 421 1170 505 1230; x_wconf 82' lang='lat' dir='ltr'><strong>Emit</strong></span> <span class='ocrx_word' id='word_1_33' title='bbox 519 1169 659 1231; x_wconf 75' lang='lat' dir='ltr'><strong>lacernae</strong></span> <span class='ocrx_word' id='word_1_34' title='bbox 674 1171 799 1232; x_wconf 76' lang='lat' dir='ltr'><strong>milibus</strong></span> <span class='ocrx_word' id='word_1_35' title='bbox 814 1171 922 1231; x_wconf 84' lang='lat' dir='ltr'><strong>decem</strong></span> <span class='ocrx_word' id='word_1_36' title='bbox 936 1173 1051 1231; x_wconf 74' lang='lat' dir='ltr'><strong>nam</strong></span> 
     </span>
     <span class='ocr_line' id='line_1_9' title="bbox 421 1253 1007 1335; baseline 0 -23"><span class='ocrx_word' id='word_1_37' title='bbox 421 1253 533 1333; x_wconf 72' lang='lat' dir='ltr'><strong>Tyriae</strong></span> <span class='ocrx_word' id='word_1_38' title='bbox 550 1254 663 1315; x_wconf 89' lang='lat' dir='ltr'><strong>coloria</strong></span> <span class='ocrx_word' id='word_1_39' title='bbox 678 1257 797 1335; x_wconf 84' lang='lat' dir='ltr'><strong>optimi.</strong></span> <span class='ocrx_word' id='word_1_40' title='bbox 826 1256 1007 1316; x_wconf 81' lang='lat' dir='ltr'><strong>Lucrileeit.</strong></span> 
     </span>
     <span class='ocr_line' id='line_1_10' title="bbox 421 1336 1224 1417; baseline 0.011 -21"><span class='ocrx_word' id='word_1_41' title='bbox 421 1336 530 1414; x_wconf 76' lang='lat' dir='ltr'><strong>„Adeo</strong></span> <span class='ocrx_word' id='word_1_42' title='bbox 547 1339 627 1399; x_wconf 88' lang='lat' dir='ltr'><strong>bene</strong></span> <span class='ocrx_word' id='word_1_43' title='bbox 642 1340 760 1398; x_wconf 73' lang='lat' dir='ltr'><strong>emiti“</strong></span> <span class='ocrx_word' id='word_1_44' title='bbox 781 1341 894 1417; x_wconf 78' lang='lat' dir='ltr'><strong>inquio.</strong></span> <span class='ocrx_word' id='word_1_45' title='bbox 922 1340 1015 1398; x_wconf 90' lang='lat' dir='ltr'><strong>lmmo</strong></span> <span class='ocrx_word' id='word_1_46' title='bbox 1030 1359 1095 1399; x_wconf 77' lang='lat' dir='ltr'><strong>nou</strong></span> <span class='ocrx_word' id='word_1_47' title='bbox 1109 1339 1224 1406; x_wconf 69' lang='lat' dir='ltr'><strong>nivet.</strong></span> 
     </span>
    </p>
   </div>
   <div class='ocr_carea' id='block_1_6' title="bbox 831 1474 882 1535">
    <p class='ocr_par' dir='ltr' id='par_1_6' title="bbox 831 1474 882 1535">
     <span class='ocr_line' id='line_1_11' title="bbox 831 1474 882 1535; baseline 0.039 -2"><span class='ocrx_word' id='word_1_48' title='bbox 831 1474 882 1535; x_wconf 78' lang='lat' dir='ltr'><strong>xl.</strong></span> 
     </span>
    </p>
   </div>
   <div class='ocr_carea' id='block_1_7' title="bbox 399 1585 1305 2258">
    <p class='ocr_par' dir='ltr' id='par_1_7' title="bbox 419 1585 1235 1750">
     <span class='ocr_line' id='line_1_12' title="bbox 419 1585 1235 1663; baseline 0.004 -17"><span class='ocrx_word' id='word_1_49' title='bbox 419 1585 604 1646; x_wconf 79' lang='lat' dir='ltr'><strong>Perveniaae</strong></span> <span class='ocrx_word' id='word_1_50' title='bbox 622 1595 704 1646; x_wconf 90' lang='lat' dir='ltr'><strong>tnam</strong></span> <span class='ocrx_word' id='word_1_51' title='bbox 720 1588 779 1647; x_wconf 89' lang='lat' dir='ltr'><strong>iam</strong></span> <span class='ocrx_word' id='word_1_52' title='bbox 793 1597 827 1647; x_wconf 89' lang='lat' dir='ltr'><strong>te</strong></span> <span class='ocrx_word' id='word_1_53' title='bbox 841 1591 902 1648; x_wconf 77' lang='lat' dir='ltr'><strong>ecit</strong></span> <span class='ocrx_word' id='word_1_54' title='bbox 913 1589 1041 1648; x_wconf 85' lang='lat' dir='ltr'><strong>Rhenua</strong></span> <span class='ocrx_word' id='word_1_55' title='bbox 1055 1588 1088 1646; x_wconf 90' lang='lat' dir='ltr'><strong>in</strong></span> <span class='ocrx_word' id='word_1_56' title='bbox 1103 1589 1235 1663; x_wconf 69' lang='lat' dir='ltr'><strong>urbem</strong></span> 
     </span>
     <span class='ocr_line' id='line_1_13' title="bbox 461 1669 1055 1750; baseline 0.003 -20"><span class='ocrx_word' id='word_1_57' title='bbox 461 1669 538 1730; x_wconf 82' lang='lat' dir='ltr'><strong>Nem</strong></span> <span class='ocrx_word' id='word_1_58' title='bbox 552 1670 660 1750; x_wconf 84' lang='lat' dir='ltr'><strong>populi</strong></span> <span class='ocrx_word' id='word_1_59' title='bbox 674 1690 766 1731; x_wconf 79' lang='lat' dir='ltr'><strong>vocea</strong></span> <span class='ocrx_word' id='word_1_60' title='bbox 781 1672 867 1732; x_wconf 88' lang='lat' dir='ltr'><strong>audit</strong></span> <span class='ocrx_word' id='word_1_61' title='bbox 881 1673 916 1732; x_wconf 84' lang='lat' dir='ltr'><strong>ei</strong></span> <span class='ocrx_word' id='word_1_62' title='bbox 927 1671 985 1731; x_wconf 90' lang='lat' dir='ltr'><strong>ille</strong></span> <span class='ocrx_word' id='word_1_63' title='bbox 998 1672 1055 1732; x_wconf 92' lang='lat' dir='ltr'><strong>tui.</strong></span> 
     </span>
    </p>

    <p class='ocr_par' dir='ltr' id='par_1_8' title="bbox 419 1753 1234 1920">
     <span class='ocr_line' id='line_1_14' title="bbox 419 1753 1234 1836; baseline 0.005 -23"><span class='ocrx_word' id='word_1_64' title='bbox 419 1753 603 1816; x_wconf 75' lang='lat' dir='ltr'><strong>Sarmaticae</strong></span> <span class='ocrx_word' id='word_1_65' title='bbox 617 1757 709 1816; x_wconf 85' lang='lat' dir='ltr'><strong>etiam</strong></span> <span class='ocrx_word' id='word_1_66' title='bbox 725 1763 835 1835; x_wconf 81' lang='lat' dir='ltr'><strong>gentea</strong></span> <span class='ocrx_word' id='word_1_67' title='bbox 848 1757 1053 1833; x_wconf 75' lang='lat' dir='ltr'><strong>Histrumque</strong></span> <span class='ocrx_word' id='word_1_68' title='bbox 1067 1755 1234 1836; x_wconf 78' lang='lat' dir='ltr'><strong>Getaeque</strong></span> 
     </span>
     <span class='ocr_line' id='line_1_15' title="bbox 460 1837 1078 1920; baseline -0.003 -22"><span class='ocrx_word' id='word_1_69' title='bbox 460 1837 613 1901; x_wconf 73' lang='lat' dir='ltr'><strong>Laetitiae</strong></span> <span class='ocrx_word' id='word_1_70' title='bbox 631 1839 746 1900; x_wconf 88' lang='lat' dir='ltr'><strong>elamor</strong></span> <span class='ocrx_word' id='word_1_71' title='bbox 759 1841 874 1900; x_wconf 86' lang='lat' dir='ltr'><strong>terruit</strong></span> <span class='ocrx_word' id='word_1_72' title='bbox 888 1842 956 1920; x_wconf 79' lang='lat' dir='ltr'><strong>ipse</strong></span> <span class='ocrx_word' id='word_1_73' title='bbox 970 1857 1078 1899; x_wconf 74' lang='lat' dir='ltr'><strong>novae.</strong></span> 
     </span>
    </p>

    <p class='ocr_par' dir='ltr' id='par_1_9' title="bbox 399 1920 1214 2087">
     <span class='ocr_line' id='line_1_16' title="bbox 399 1920 1214 2002; baseline 0.002 -20"><span class='ocrx_word' id='word_1_74' title='bbox 399 1923 500 1982; x_wconf 73' lang='lat' dir='ltr'><strong>olium</strong></span> <span class='ocrx_word' id='word_1_75' title='bbox 516 1930 549 1982; x_wconf 88' lang='lat' dir='ltr'><strong>te</strong></span> <span class='ocrx_word' id='word_1_76' title='bbox 563 1924 654 2002; x_wconf 82' lang='lat' dir='ltr'><strong>longa</strong></span> <span class='ocrx_word' id='word_1_77' title='bbox 670 1943 758 1983; x_wconf 83' lang='lat' dir='ltr'><strong>aacro</strong></span> <span class='ocrx_word' id='word_1_78' title='bbox 773 1932 960 1984; x_wconf 76' lang='lat' dir='ltr'><strong>venerantur</strong></span> <span class='ocrx_word' id='word_1_79' title='bbox 976 1920 1086 2002; x_wconf 80' lang='lat' dir='ltr'><strong>gaudio</strong></span> <span class='ocrx_word' id='word_1_80' title='bbox 1098 1923 1214 2002; x_wconf 74' lang='lat' dir='ltr'><strong>(lineo,</strong></span> 
     </span>
     <span class='ocr_line' id='line_1_17' title="bbox 461 2007 1190 2087; baseline 0.003 -21"><span class='ocrx_word' id='word_1_81' title='bbox 461 2007 558 2066; x_wconf 86' lang='lat' dir='ltr'><strong>Nemo</strong></span> <span class='ocrx_word' id='word_1_82' title='bbox 575 2015 685 2087; x_wconf 70' lang='lat' dir='ltr'><strong>qnater</strong></span> <span class='ocrx_word' id='word_1_83' title='bbox 698 2010 807 2068; x_wconf 81' lang='lat' dir='ltr'><strong>mianos</strong></span> <span class='ocrx_word' id='word_1_84' title='bbox 822 2026 951 2068; x_wconf 84' lang='lat' dir='ltr'><strong>currere</strong></span> <span class='ocrx_word' id='word_1_85' title='bbox 966 2007 1065 2067; x_wconf 84' lang='lat' dir='ltr'><strong>aennit</strong></span> <span class='ocrx_word' id='word_1_86' title='bbox 1078 2023 1190 2085; x_wconf 72' lang='lat' dir='ltr'><strong>equon</strong></span> 
     </span>
    </p>

    <p class='ocr_par' dir='ltr' id='par_1_10' title="bbox 419 2088 1305 2258">
     <span class='ocr_line' id='line_1_18' title="bbox 419 2088 1305 2170; baseline 0.006 -22"><span class='ocrx_word' id='word_1_87' title='bbox 419 2088 544 2149; x_wconf 88' lang='lat' dir='ltr'><strong>Nullum</strong></span> <span class='ocrx_word' id='word_1_88' title='bbox 558 2092 654 2151; x_wconf 84' lang='lat' dir='ltr'><strong>Roma</strong></span> <span class='ocrx_word' id='word_1_89' title='bbox 669 2092 794 2170; x_wconf 83' lang='lat' dir='ltr'><strong>ducem,</strong></span> <span class='ocrx_word' id='word_1_90' title='bbox 816 2093 999 2169; x_wconf 79' lang='lat' dir='ltr'><strong>nectendo,</strong></span> <span class='ocrx_word' id='word_1_91' title='bbox 1021 2090 1156 2170; x_wconf 81' lang='lat' dir='ltr'><strong>Gaeaar,</strong></span> <span class='ocrx_word' id='word_1_92' title='bbox 1171 2095 1305 2153; x_wconf 78' lang='lat' dir='ltr'><strong>amavit:</strong></span> 
     </span>
     <span class='ocr_line' id='line_1_19' title="bbox 461 2172 1292 2258; baseline 0.006 -26"><span class='ocrx_word' id='word_1_93' title='bbox 461 2173 509 2232; x_wconf 85' lang='lat' dir='ltr'><strong>Te</strong></span> <span class='ocrx_word' id='word_1_94' title='bbox 525 2193 646 2253; x_wconf 85' lang='lat' dir='ltr'><strong>quoque</strong></span> <span class='ocrx_word' id='word_1_95' title='bbox 660 2177 719 2235; x_wconf 85' lang='lat' dir='ltr'><strong>iam</strong></span> <span class='ocrx_word' id='word_1_96' title='bbox 738 2194 800 2236; x_wconf 92' lang='lat' dir='ltr'><strong>non</strong></span> <span class='ocrx_word' id='word_1_97' title='bbox 814 2175 903 2258; x_wconf 86' lang='lat' dir='ltr'><strong>plus,</strong></span> <span class='ocrx_word' id='word_1_98' title='bbox 923 2183 958 2236; x_wconf 87' lang='lat' dir='ltr'><strong>nt</strong></span> <span class='ocrx_word' id='word_1_99' title='bbox 970 2172 1048 2234; x_wconf 77' lang='lat' dir='ltr'><strong>velit</strong></span> <span class='ocrx_word' id='word_1_100' title='bbox 1061 2176 1147 2255; x_wconf 72' lang='lat' dir='ltr'><strong>ipsa,</strong></span> <span class='ocrx_word' id='word_1_101' title='bbox 1169 2184 1292 2258; x_wconf 75' lang='lat' dir='ltr'><strong>potent</strong></span> 
     </span>
    </p>
   </div>
   <div class='ocr_carea' id='block_1_8' title="bbox 821 2328 886 2388">
    <p class='ocr_par' dir='ltr' id='par_1_11' title="bbox 821 2328 886 2388">
     <span class='ocr_line' id='line_1_20' title="bbox 821 2328 886 2388; baseline -0.015 0"><span class='ocrx_word' id='word_1_102' title='bbox 821 2328 886 2388; x_wconf 82' lang='lat' dir='ltr'><strong>llll.</strong></span> 
     </span>
    </p>
   </div>
   <div class='ocr_carea' id='block_1_9' title="bbox 420 2434 1142 2769">
    <p class='ocr_par' dir='ltr' id='par_1_12' title="bbox 420 2434 1142 2769">
     <span class='ocr_line' id='line_1_21' title="bbox 420 2434 1134 2520; baseline -0.001 -25"><span class='ocrx_word' id='word_1_103' title='bbox 420 2435 555 2497; x_wconf 83' lang='lat' dir='ltr'>Uxorem</span> <span class='ocrx_word' id='word_1_104' title='bbox 572 2456 667 2517; x_wconf 82' lang='lat' dir='ltr'><strong>quere</strong></span> <span class='ocrx_word' id='word_1_105' title='bbox 682 2437 872 2520; x_wconf 75' lang='lat' dir='ltr'><strong>locupletem</strong></span> <span class='ocrx_word' id='word_1_106' title='bbox 889 2438 1004 2499; x_wconf 87' lang='lat' dir='ltr'><strong>ducere</strong></span> <span class='ocrx_word' id='word_1_107' title='bbox 1018 2434 1134 2514; x_wconf 84' lang='lat' dir='ltr'><strong>nolim,</strong></span> 
     </span>
     <span class='ocr_line' id='line_1_22' title="bbox 463 2520 1104 2597; baseline 0.002 -17"><span class='ocrx_word' id='word_1_108' title='bbox 463 2520 639 2597; x_wconf 75' lang='lat' dir='ltr'><strong>Quaeritial</strong></span> <span class='ocrx_word' id='word_1_109' title='bbox 671 2523 769 2584; x_wconf 80' lang='lat' dir='ltr'><strong>Uxori</strong></span> <span class='ocrx_word' id='word_1_110' title='bbox 783 2527 902 2585; x_wconf 86' lang='lat' dir='ltr'><strong>nubere</strong></span> <span class='ocrx_word' id='word_1_111' title='bbox 919 2520 991 2581; x_wconf 91' lang='lat' dir='ltr'><strong>nolo</strong></span> <span class='ocrx_word' id='word_1_112' title='bbox 1007 2536 1104 2581; x_wconf 81' lang='lat' dir='ltr'><strong>meae.</strong></span> 
     </span>
     <span class='ocr_line' id='line_1_23' title="bbox 421 2602 1142 2686; baseline 0 -23"><span class='ocrx_word' id='word_1_113' title='bbox 421 2602 554 2666; x_wconf 81' lang='lat' dir='ltr'><strong>Inferior</strong></span> <span class='ocrx_word' id='word_1_114' title='bbox 569 2613 708 2667; x_wconf 83' lang='lat' dir='ltr'><strong>matrone</strong></span> <span class='ocrx_word' id='word_1_115' title='bbox 722 2628 776 2668; x_wconf 86' lang='lat' dir='ltr'><strong>suo</strong></span> <span class='ocrx_word' id='word_1_116' title='bbox 792 2610 848 2686; x_wconf 85' lang='lat' dir='ltr'><strong>sit,</strong></span> <span class='ocrx_word' id='word_1_117' title='bbox 870 2608 995 2682; x_wconf 77' lang='lat' dir='ltr'><strong>Prisce,</strong></span> <span class='ocrx_word' id='word_1_118' title='bbox 1014 2605 1142 2664; x_wconf 81' lang='lat' dir='ltr'><strong>merito:</strong></span> 
     </span>
     <span class='ocr_line' id='line_1_24' title="bbox 461 2689 1092 2769; baseline 0.002 -20"><span class='ocrx_word' id='word_1_119' title='bbox 461 2689 530 2750; x_wconf 86' lang='lat' dir='ltr'><strong>Non</strong></span> <span class='ocrx_word' id='word_1_120' title='bbox 544 2690 636 2752; x_wconf 82' lang='lat' dir='ltr'><strong>aliter</strong></span> <span class='ocrx_word' id='word_1_121' title='bbox 649 2692 727 2752; x_wconf 86' lang='lat' dir='ltr'><strong>finnt</strong></span> <span class='ocrx_word' id='word_1_122' title='bbox 740 2692 854 2752; x_wconf 80' lang='lat' dir='ltr'><strong>lemine</strong></span> <span class='ocrx_word' id='word_1_123' title='bbox 868 2693 977 2767; x_wconf 87' lang='lat' dir='ltr'><strong>virque</strong></span> <span class='ocrx_word' id='word_1_124' title='bbox 990 2705 1092 2769; x_wconf 79' lang='lat' dir='ltr'><strong>pareo.</strong></span> 
     </span>
    </p>
   </div>
   <div class='ocr_carea' id='block_1_10' title="bbox 817 2826 896 2887">
    <p class='ocr_par' dir='ltr' id='par_1_13' title="bbox 817 2826 896 2887">
     <span class='ocr_line' id='line_1_25' title="bbox 817 2826 896 2887; baseline 0.013 -1"><span class='ocrx_word' id='word_1_125' title='bbox 817 2826 896 2887; x_wconf 82' lang='lat' dir='ltr'><strong>xm.</strong></span> 
     </span>
    </p>
   </div>
   <div class='ocr_carea' id='block_1_11' title="bbox 420 2932 1163 3101">
    <p class='ocr_par' dir='ltr' id='par_1_14' title="bbox 420 2932 1163 3101">
     <span class='ocr_line' id='line_1_26' title="bbox 420 2932 1085 3016; baseline 0.003 -23"><span class='ocrx_word' id='word_1_126' title='bbox 420 2932 524 2994; x_wconf 83' lang='lat' dir='ltr'><strong>Morio</strong></span> <span class='ocrx_word' id='word_1_127' title='bbox 540 2933 641 2995; x_wconf 87' lang='lat' dir='ltr'><strong>dietna</strong></span> <span class='ocrx_word' id='word_1_128' title='bbox 655 2945 737 2996; x_wconf 86' lang='lat' dir='ltr'><strong>erat:</strong></span> <span class='ocrx_word' id='word_1_129' title='bbox 753 2939 863 3016; x_wconf 78' lang='lat' dir='ltr'><strong>viginti</strong></span> <span class='ocrx_word' id='word_1_130' title='bbox 878 2936 1002 2998; x_wconf 83' lang='lat' dir='ltr'><strong>milibus</strong></span> <span class='ocrx_word' id='word_1_131' title='bbox 1015 2937 1085 2996; x_wconf 88' lang='lat' dir='ltr'><strong>emi.</strong></span> 
     </span>
     <span class='ocr_line' id='line_1_27' title="bbox 463 3017 1163 3101; baseline 0.006 -23"><span class='ocrx_word' id='word_1_132' title='bbox 463 3017 572 3079; x_wconf 86' lang='lat' dir='ltr'><strong>Redde</strong></span> <span class='ocrx_word' id='word_1_133' title='bbox 587 3021 662 3079; x_wconf 90' lang='lat' dir='ltr'><strong>mihi</strong></span> <span class='ocrx_word' id='word_1_134' title='bbox 677 3039 833 3099; x_wconf 84' lang='lat' dir='ltr'><strong>nummos,</strong></span> <span class='ocrx_word' id='word_1_135' title='bbox 856 3021 1048 3101; x_wconf 84' lang='lat' dir='ltr'><strong>Gargiliune:</strong></span> <span class='ocrx_word' id='word_1_136' title='bbox 1070 3021 1163 3100; x_wconf 81' lang='lat' dir='ltr'><strong>sapit.</strong></span> 
     </span>
    </p>
   </div>
   <div class='ocr_carea' id='block_1_12' title="bbox 816 3155 897 3218">
    <p class='ocr_par' dir='ltr' id='par_1_15' title="bbox 816 3155 897 3218">
     <span class='ocr_line' id='line_1_28' title="bbox 816 3155 897 3218; baseline 0.049 -4"><span class='ocrx_word' id='word_1_137' title='bbox 816 3155 897 3218; x_wconf 79' lang='lat' dir='ltr'><strong>XIV.</strong></span> 
     </span>
    </p>
   </div>
   <div class='ocr_carea' id='block_1_13' title="bbox 399 3263 1200 3686">
    <p class='ocr_par' dir='ltr' id='par_1_16' title="bbox 399 3263 1200 3686">
     <span class='ocr_line' id='line_1_29' title="bbox 422 3263 1190 3353; baseline 0.007 -29"><span class='ocrx_word' id='word_1_138' title='bbox 422 3263 540 3328; x_wconf 79' lang='lat' dir='ltr'><strong>Pallida</strong></span> <span class='ocrx_word' id='word_1_139' title='bbox 555 3286 595 3328; x_wconf 87' lang='lat' dir='ltr'><strong>ne</strong></span> <span class='ocrx_word' id='word_1_140' title='bbox 610 3266 740 3329; x_wconf 82' lang='lat' dir='ltr'><strong>Cilicum</strong></span> <span class='ocrx_word' id='word_1_141' title='bbox 756 3270 889 3353; x_wconf 73' lang='lat' dir='ltr'><strong>timeant</strong></span> <span class='ocrx_word' id='word_1_142' title='bbox 897 3271 1034 3350; x_wconf 85' lang='lat' dir='ltr'><strong>pomaria</strong></span> <span class='ocrx_word' id='word_1_143' title='bbox 1048 3270 1190 3329; x_wconf 89' lang='lat' dir='ltr'><strong>brumam</strong></span> 
     </span>
     <span class='ocr_line' id='line_1_30' title="bbox 463 3350 1170 3432; baseline 0.003 -21"><span class='ocrx_word' id='word_1_144' title='bbox 463 3350 609 3413; x_wconf 83' lang='lat' dir='ltr'><strong>Mordeat</strong></span> <span class='ocrx_word' id='word_1_145' title='bbox 626 3361 659 3414; x_wconf 88' lang='lat' dir='ltr'><strong>et</strong></span> <span class='ocrx_word' id='word_1_146' title='bbox 672 3361 814 3413; x_wconf 87' lang='lat' dir='ltr'><strong>tenerum</strong></span> <span class='ocrx_word' id='word_1_147' title='bbox 829 3354 942 3414; x_wconf 82' lang='lat' dir='ltr'><strong>fortior</strong></span> <span class='ocrx_word' id='word_1_148' title='bbox 957 3370 1170 3432; x_wconf 74' lang='lat' dir='ltr'><strong>annuemus,</strong></span> 
     </span>
     <span class='ocr_line' id='line_1_31' title="bbox 423 3433 1105 3517; baseline 0.003 -25"><span class='ocrx_word' id='word_1_149' title='bbox 423 3433 571 3496; x_wconf 79' lang='lat' dir='ltr'><strong>Hibernis</strong></span> <span class='ocrx_word' id='word_1_150' title='bbox 588 3438 709 3497; x_wconf 80' lang='lat' dir='ltr'><strong>obiecto</strong></span> <span class='ocrx_word' id='word_1_151' title='bbox 726 3439 807 3497; x_wconf 76' lang='lat' dir='ltr'><strong>notis</strong></span> <span class='ocrx_word' id='word_1_152' title='bbox 825 3437 998 3517; x_wconf 76' lang='lat' dir='ltr'><strong>specularia</strong></span> <span class='ocrx_word' id='word_1_153' title='bbox 1011 3455 1105 3517; x_wconf 77' lang='lat' dir='ltr'><strong>puros</strong></span> 
     </span>
     <span class='ocr_line' id='line_1_32' title="bbox 466 3517 1080 3582; baseline 0.005 -5"><span class='ocrx_word' id='word_1_154' title='bbox 466 3517 641 3582; x_wconf 82' lang='lat' dir='ltr'><strong>Admittunt</strong></span> <span class='ocrx_word' id='word_1_155' title='bbox 654 3520 737 3581; x_wconf 75' lang='lat' dir='ltr'><strong>solen</strong></span> <span class='ocrx_word' id='word_1_156' title='bbox 755 3528 788 3580; x_wconf 89' lang='lat' dir='ltr'><strong>et</strong></span> <span class='ocrx_word' id='word_1_157' title='bbox 804 3523 873 3581; x_wconf 80' lang='lat' dir='ltr'><strong>nine</strong></span> <span class='ocrx_word' id='word_1_158' title='bbox 887 3522 973 3581; x_wconf 79' lang='lat' dir='ltr'><strong>faece</strong></span> <span class='ocrx_word' id='word_1_159' title='bbox 989 3521 1080 3580; x_wconf 90' lang='lat' dir='ltr'><strong>diem.</strong></span> 
     </span>
     <span class='ocr_line' id='line_1_33' title="bbox 399 3600 1200 3686; baseline 0.006 -27"><span class='ocrx_word' id='word_1_160' title='bbox 399 3600 464 3660; x_wconf 86' lang='lat' dir='ltr'><strong>5At</strong></span> <span class='ocrx_word' id='word_1_161' title='bbox 477 3603 550 3663; x_wconf 89' lang='lat' dir='ltr'><strong>mihi</strong></span> <span class='ocrx_word' id='word_1_162' title='bbox 565 3603 644 3665; x_wconf 82' lang='lat' dir='ltr'><strong>celle</strong></span> <span class='ocrx_word' id='word_1_163' title='bbox 659 3605 765 3683; x_wconf 87' lang='lat' dir='ltr'><strong>dutnr,</strong></span> <span class='ocrx_word' id='word_1_164' title='bbox 785 3626 847 3665; x_wconf 89' lang='lat' dir='ltr'><strong>non</strong></span> <span class='ocrx_word' id='word_1_165' title='bbox 862 3612 927 3666; x_wconf 83' lang='lat' dir='ltr'><strong>toto</strong></span> <span class='ocrx_word' id='word_1_166' title='bbox 940 3604 1025 3665; x_wconf 83' lang='lat' dir='ltr'><strong>oluan</strong></span> <span class='ocrx_word' id='word_1_167' title='bbox 1037 3604 1200 3686; x_wconf 82' lang='lat' dir='ltr'><strong>fenestre,</strong></span> 
     </span>
    </p>
   </div>
   <div class='ocr_carea' id='block_1_14' title="bbox 261 3839 371 4161">
    <p class='ocr_par' dir='ltr' id='par_1_17' title="bbox 261 3839 371 4161">
     <span class='ocr_line' id='line_1_34' title="bbox 261 3839 371 4161; baseline 0 0"><span class='ocrx_word' id='word_1_168' title='bbox 261 3839 371 4161; x_wconf 68' lang='lat' dir='ltr'><strong>l</strong></span> 
     </span>
    </p>
   </div>
   <div class='ocr_carea' id='block_1_15' title="bbox 0 0 1722 4575">
    <p class='ocr_par' dir='ltr' id='par_1_18' title="bbox 0 0 1722 4575">
     <span class='ocr_line' id='line_1_35' title="bbox 0 0 1722 4575; baseline 0 4"><span class='ocrx_word' id='word_1_169' title='bbox 0 0 1722 4575; x_wconf 95' lang='lat' dir='ltr'><strong> </strong></span> 
     </span>
    </p>
   </div>
  </div>
 </body>
</html>
