3434 4575
682 333 726 393 M.
743 333 834 394 VAL.
850 331 1081 434 MARTiALIS

853 533 900 592 111.

438 644 509 705 Non
524 648 640 705 urbana
653 664 721 705 mea
736 650 853 704 tantum
869 644 1045 724 Pimpleide
1061 646 1208 725 gaudent

484 730 571 807 Otia,
593 748 652 788 nec
667 730 770 788 vacuis
785 731 909 789 auribus
921 731 983 788 ista
998 728 1127 808 damus,

443 812 508 873 Sed
523 832 609 872 meus
624 815 657 872 in
673 813 792 872 Geticis
807 812 846 872 ad
861 814 974 873 Martia
988 815 1078 890 signa
1098 817 1231 894 pruinis

484 898 512 957 A
525 896 625 975 rigido
644 897 757 955 teritur
771 897 952 955 centurione
967 894 1070 974 liber,

420 981 564 1043 bDicitur
580 989 613 1040 et
627 988 751 1039 nostros
769 987 893 1040 cantare
906 981 1068 1040 Britannia
1084 999 1210 1043 versus.

485 1063 566 1140 Quid
580 1062 733 1145 prodest?
761 1061 869 1123 Nescit
883 1060 1020 1123 sacculus
1036 1065 1098 1124 ista
1113 1085 1218 1128 meus.

440 1149 483 1207 At
499 1168 587 1227 qnam
602 1149 736 1207 victuras
750 1154 926 1226 poteramus
941 1165 1081 1225 pangere
1097 1150 1230 1210 chartas

485 1233 665 1310 Quantaque
680 1231 783 1290 Pieria
797 1230 1005 1311 praeliabare
1021 1233 1117 1310 tuba,

440 1314 519 1375 'cum
534 1318 584 1394 pia
599 1313 796 1373 reddiderint
808 1316 976 1393 Augustum
989 1317 1117 1375 numina
1132 1319 1256 1396 terriS,

399 1410 433 1460 10
481 1399 522 1458 Et
536 1399 752 1458 Maecenatem
764 1399 791 1456 si
806 1400 881 1476 tibi,
900 1400 1013 1475 Roma,
1036 1398 1170 1460 darent!

854 1533 907 1597 IV.

445 1645 540 1705 Sacra
553 1642 700 1721 laresque
713 1643 884 1722 Phrygum,
907 1659 982 1720 quos
998 1640 1118 1704 Troiae
1129 1646 1253 1708 ‘maluit
1268 1651 1360 1711 heres

483 1731 579 1805 Quam
593 1745 705 1807 rapere
720 1746 841 1786 arsuras
856 1722 1076 1786 Laomedontis
1092 1747 1192 1810 opes,

441 1813 582 1893 Scriptus
597 1819 630 1871 et
644 1818 771 1870 aeterno
786 1829 868 1870 nuuc
881 1812 1011 1891 primum
1025 1809 1172 1891 luppiter
1192 1836 1273 1876 auro

482 1899 524 1958 Et
539 1917 628 1957 soror
642 1903 675 1954 et
687 1897 794 1954 summi
809 1893 873 1953 filia
887 1900 952 1954 tota
964 1894 1080 1971 patris,
1188 1940 1192 1946 .
1399 1904 1403 2019 ⁴

418 1981 485 2043 obt
499 1983 551 2060 qui
564 1980 729 2059 purpureis
742 1980 801 2038 iam
816 1980 910 2037 tertia
923 1978 1044 2036 nomina
1062 1978 1173 2060 fastis,

483 2065 573 2140 lane,
594 2062 696 2121 refers
711 2061 846 2135 Nervae;
868 2082 921 2121 vos
935 2079 1047 2140 precor
1062 2082 1120 2123 ore
1135 2066 1210 2144 pio:

440 2147 531 2206 Hunc
546 2163 652 2204 omnes
667 2151 788 2202 servate
804 2143 928 2223 ducem,
949 2148 1070 2205 servate
1086 2157 1253 2228 senatum3

483 2228 625 2287 Moribus
640 2226 691 2285 bic
706 2228 786 2286 vivat
801 2228 967 2309 principis,
988 2225 1044 2287 ille
1059 2232 1135 2297 suis.
1400 2226 1403 2340 1

856 2364 894 2424 V.

439 2474 539 2533 Tanta
556 2474 613 2533 tibi
630 2481 679 2533 est
692 2477 771 2535 recti
786 2478 979 2552 reverentia,
1000 2476 1134 2555 Caesar,
1157 2487 1193 2539 et
1209 2486 1326 2563 aequi,

481 2559 601 2633 Quanta
616 2559 732 2619 Numae
747 2560 865 2620 fuerat:
887 2559 944 2620 sed
956 2558 1053 2619 Numa
1066 2580 1191 2642 pauper
1207 2575 1290 2630 erat.

438 2642 544 2702 Ardua
558 2661 610 2701 res
624 2644 701 2702 baec
716 2649 780 2721 est,
802 2645 911 2723 opibus
925 2662 986 2702 non
1000 2643 1129 2705 tradere
1144 2667 1254 2710 morea

480 2728 522 2785 Et
536 2745 604 2784 cum
618 2733 666 2786 tot
680 2728 814 2787 Croesos
828 2729 955 2804 viceris,
978 2745 1047 2786 esse
1061 2728 1206 2795 Numam.

418 2808 474 2872 5Si
489 2808 621 2867 redeant
633 2816 774 2886 veteres,
794 2812 931 2888 ingentia
946 2811 1084 2889 nomina,
1107 2822 1241 2896 patres,

481 2889 619 2968 Elysium
637 2890 732 2952 liceat
746 2896 773 2954 si
786 2913 915 2953 vacuare
929 2913 1050 2954 nemus:

440 2974 488 3033 'fe
504 2973 588 3033 colet
600 2976 731 3035 invictus
744 2997 802 3056 pro
818 2977 964 3037 libertate
981 2975 1147 3057 Camillus,

482 3060 600 3117 Aurum
612 3057 792 3138 Fabricius,
814 3068 847 3120 te
862 3063 1038 3138 tribuente,
1057 3062 1164 3140 ,volet3

440 3142 489 3201 Te
505 3141 584 3201 duce
599 3141 745 3219 gaudebit
758 3146 887 3222 Brutus,
905 3147 962 3205 tibi
978 3141 1063 3204 Sulla
1078 3156 1234 3213 cruentus

396 3235 431 3287 10
478 3227 642 3306 imperium
658 3226 778 3304 tradet,
801 3230 1040 3309 compositurus
1056 3232 1136 3307 erit3

436 3310 479 3370 Et
490 3317 524 3369 te
538 3311 657 3389 privato
673 3331 740 3370 oum
755 3312 888 3386 Caesare
903 3312 1034 3391 Magnus
1049 3318 1183 3396 amabit,

480 3394 613 3452 Donabit
626 3399 707 3453 totas
722 3402 756 3454 et
769 3394 826 3454 tibi
841 3394 969 3455 Crassus
986 3414 1070 3473 opes.

438 3477 509 3555 lpse
528 3496 649 3555 quoque
666 3478 798 3537 infernis
813 3484 973 3538 revocatus
988 3479 1069 3538 Ditis
1085 3483 1123 3543 ab
1142 3488 1267 3551 umbris

480 3561 513 3619 Si
528 3561 604 3620 Cato
620 3559 785 3638 reddatur,
807 3560 1008 3621 Caesarianus
1024 3564 1096 3622 crit.
1192 3557 1195 3561 ⁴
