3434 4575
547 461 890 524 EPIGRAMMATON
902 462 976 524 LlB.
994 462 1071 524 Xlll.

558 673 560 676 ’
648 662 739 724 oxi.
760 661 942 725 Falernum.

368 738 415 838 lle
430 776 627 836 Sinuessanis
641 781 795 835 venerunt
809 775 943 838 Massica
956 774 1088 855 proelias

411 859 544 922 Condita
558 879 617 938 quo
633 860 756 938 quaeris
771 857 921 918 consule?
951 856 1061 919 Nullus
1076 866 1153 923 erat,

670 993 761 1054 cxli.
783 991 936 1053 Setinum.

366 1090 507 1152 Pendula
520 1092 700 1171 Pomptinos
716 1109 794 1169 quac
809 1095 931 1170 spectat
947 1089 1033 1151 Setia
1048 1110 1188 1173 campos)

407 1176 525 1254 Exigua
538 1173 659 1235 vetulos
673 1176 759 1234 misit
773 1177 810 1233 ab
825 1175 904 1234 urbe
919 1172 1021 1237 cados.

639 1307 742 1369 cxfll.
765 1308 967 1370 stolonum.

365 1408 451 1467 Haeo
466 1405 615 1468 Fundana
632 1405 705 1466 tulit
718 1405 796 1467 felix
809 1411 988 1466 auctumuus
1004 1404 1115 1484 Opimi.

406 1492 569 1572 Expressit
582 1500 715 1551 mustum
729 1489 837 1551 consul
852 1496 885 1549 ct
899 1492 966 1570 ipae
979 1489 1067 1553 bibit.
1123 1564 1126 1570 Ι

556 1666 560 1672 ·
634 1624 741 1686 CXIV.
769 1623 969 1699 lirfob'num.

365 1720 435 1779 Non
450 1739 515 1778 sum
530 1718 703 1798 deprimo,
724 1719 842 1796 lateor,
864 1717 1004 1777 trifolius
1017 1716 1138 1797 Lyaeo,

407 1802 492 1862 luter
507 1804 577 1862 vina
589 1807 692 1861 tamen
707 1803 838 1881 septima
852 1801 925 1859 vitis
940 1818 1005 1864 ero.

651 1933 744 1997 CXV.
771 1934 955 1994 Caecubum.

366 2033 509 2094 Caecuba
520 2032 680 2093 Fundanis
695 2050 846 2110 generosa
862 2037 1011 2091 cocuntur
1024 2031 1177 2112 Amyclis,

408 2117 490 2178 Vitis
505 2122 538 2176 et
552 2118 585 2176 in
599 2114 701 2176 media
716 2123 787 2176 nata
800 2114 913 2205 palude
929 2116 1017 2175 viret.

646 2249 753 2313 GXVl.
774 2248 951 2332 &gainam

363 2348 489 2408 Potabis
501 2346 653 2425 liquidum
668 2349 794 2427 Signina
808 2349 960 2408 morantia
972 2354 1122 2409 ventrem.

406 2431 452 2489 Ne
468 2431 595 2489 nimium
609 2432 736 2509 sistant,
759 2434 800 2491 sit
813 2433 873 2491 tibi
889 2451 982 2511 parca
996 2434 1080 2528 sitis3

617 2563 737 2648 cxvii.
760 2564 992 2628 Mamertinum.

366 2660 523 2738 Amphora
537 2659 690 2721 Nestorea
705 2662 764 2721 tibi
780 2662 966 2722 Mamertina
984 2667 1109 2722 senecta
1208 2732 1212 2740 ¹

408 2745 441 2804 Si
457 2743 564 2822 detur,
586 2744 714 2827 quodvis
729 2764 841 2805 nomen
855 2746 972 2806 habero
986 2751 1117 2825 potest..

597 2877 730 2940 cxvlll.
760 2879 1005 2939 Tarraconense.

366 2974 521 3054 Tarraco,
544 2977 699 3056 Campano
714 2982 833 3037 tautum
848 2995 973 3036 cessura
989 2977 1108 3056 Lyaeo,

405 3060 491 3120 Haec
506 3060 615 3138 genuit
629 3060 741 3120 Tuscis
757 3058 875 3121 aemula
888 3062 958 3120 vina
972 3060 1067 3125 cadis.

620 3193 726 3254 CXIX.
750 3190 990 3256 Nomentanum.

363 3289 554 3350 Nomentana
570 3309 670 3350 mcum
684 3292 743 3352 tibi
760 3289 813 3350 dat
827 3289 981 3349 vindemia
995 3290 1163 3350 Bacchumr

406 3373 440 3433 Si
456 3379 487 3432 te
502 3373 634 3449 Quintus
652 3380 747 3452 amat,
769 3373 978 3433 commodiora
991 3374 1089 3436 bibes.

643 3506 734 3568 CXX.
757 3506 963 3589 Qaletinum.

363 3602 410 3662 lie
426 3601 596 3682 Spoletinis
615 3623 693 3683 quae
709 3611 780 3665 sunt
794 3607 912 3665 cariosa
925 3603 1046 3685 lagonis

406 3683 573 3766 Malueris,
597 3689 726 3765 quamsi
743 3695 842 3749 musta
853 3687 988 3749 Falerna
1000 3688 1096 3749 binas

1263 459 1329 525 31⁹
