3434 4575
560 456 901 518 EPIGRAMMATON
914 456 988 519 LID.
1003 456 1054 518 IX.
1266 456 1329 522 215

411 612 480 671 Stat
493 608 635 690 platanus
651 607 756 669 densis
772 610 955 670 Caesariana
970 612 1081 689 comis,

367 695 508 775 Hospitis
523 693 630 753 invicti
644 696 748 772 posuit
763 713 853 772 quam
869 692 996 753 dextera
1009 693 1102 771 felix,

411 779 524 858 Coepit
540 782 573 836 et
589 795 626 836 ex
640 775 696 836 illa
711 796 855 837 crescere
873 779 958 856 virga
973 797 1072 840 manu.

368 867 537 925 Auctorem
552 859 770 940 dominumque
785 880 873 921 suum
887 863 1006 922 sentire
1020 862 1160 922 videtur:

325 962 360 1013 10
409 950 460 1008 Sic
474 949 556 1008 viret
571 951 604 1004 et
617 947 710 1005 ramis
725 947 829 1005 sidera
845 943 929 1005 celsa
943 948 1032 1025 petit.

355 1030 469 1111 ‘Saepe
482 1029 538 1091 sub
553 1030 610 1088 hac
626 1028 741 1089 madidi
757 1029 902 1089 luserunt
916 1032 1027 1089 arbore
1041 1029 1140 1089 Fauni

411 1114 541 1175 Terruit
556 1119 588 1172 et
602 1115 726 1173 tacitam
740 1113 844 1173 fistula
859 1133 930 1173 sera
945 1113 1082 1188 domum;

366 1202 507 1278 Dumque
521 1197 602 1275 fugit
616 1197 699 1257 solos
714 1204 898 1258 nocturnum
911 1198 995 1257 Pana
1008 1217 1067 1277 per
1083 1216 1189 1276 agros,

411 1284 511 1362 Saepe
526 1281 581 1340 sub
596 1281 654 1340 hac
668 1279 758 1340 latuit
773 1283 888 1341 rustica
902 1282 1015 1341 fronde
1028 1282 1136 1360 Dryas.

325 1381 359 1432 15
367 1370 470 1447 Atque
486 1365 593 1425 oluere
607 1361 691 1423 lares
709 1367 910 1425 comissatore
924 1365 1044 1444 Lyaeo,

411 1451 519 1512 Crevit
535 1457 566 1508 ct
581 1449 679 1508 effuso
693 1447 807 1509 laetior
821 1451 929 1509 umbra
942 1468 1045 1524 mero3

366 1534 594 1612 Hesternisque
609 1534 724 1592 rubens
740 1532 864 1593 deiecta
877 1539 926 1593 est
940 1535 1038 1594 herba
1053 1535 1194 1610 coronis,

409 1620 513 1697 Atque
528 1635 597 1676 suas
610 1617 713 1696 potuit
727 1614 833 1677 dicere
848 1635 940 1677 nemo
954 1637 1050 1680 rosas.

367 1704 393 1762 0
411 1701 526 1763 dilecta
541 1698 624 1775 deis,
645 1719 663 1758 o
678 1702 778 1778 magni
793 1702 934 1761 Caesaris
949 1703 1057 1778 arhor,

324 1799 361 1852 20
408 1788 455 1847 Ne
468 1792 588 1846 metuas
601 1784 721 1842 ferrum
737 1782 966 1863 sacrilegosque
980 1785 1077 1844 focos.

366 1871 540 1951 Perpetuos
555 1884 683 1946 sperare
699 1865 777 1926 licet
791 1868 849 1926 tibi
863 1866 984 1927 frondis
1000 1868 1153 1927 honorent

408 1955 476 2015 Non
490 1951 696 2032 Pompeianae
711 1956 743 2008 te
757 1968 891 2029 posuere
906 1971 1020 2011 manus.

765 2119 857 2181 LXll.

365 2235 488 2296 Tinctis
503 2237 620 2296 murice
634 2234 772 2295 vestibus
789 2230 872 2311 quod
889 2233 972 2293 omni

364 2321 407 2379 Et
419 2325 512 2378 nocte
529 2322 627 2380 utitur
643 2326 676 2380 et
690 2318 741 2398 die
755 2316 932 2395 Philaenis,

366 2404 435 2461 Non
450 2409 499 2461 est
515 2404 674 2463 ambitiosa
687 2421 747 2463 nec
762 2403 911 2481 snperbar

367 2483 547 2545 Delectatur
563 2485 676 2563 odore,
696 2505 759 2544 non
771 2483 886 2544 colore.

751 2650 856 2711 LXlll.

366 2762 415 2823 Ad
431 2782 537 2824 cenam
551 2766 683 2826 invitant
697 2785 803 2827 omnes
817 2775 866 2844 te,
888 2766 1032 2844 Phoebe,
1054 2763 1184 2825 cinaedi.

408 2847 550 2909 Mentula
565 2869 656 2930 quem
671 2852 787 2931 pascit,
806 2869 885 2929 non,
907 2856 1002 2930 puto,
1023 2867 1118 2931 purus
1132 2848 1223 2908 homo
1239 2846 1313 2910 est,

752 3012 859 3075 LXIV.

364 3120 511 3183 Herculis
525 3124 559 3182 in
572 3125 674 3202 magni
689 3122 791 3184 voltus
807 3122 999 3184 descendere
1015 3123 1130 3183 caesar

406 3206 557 3284 Dignatus
570 3206 679 3267 Latiae
695 3206 748 3267 dat
761 3227 839 3268 nova
852 3207 970 3288 templa
984 3208 1066 3283 viae,

364 3291 432 3365 Qua
448 3290 573 3349 Triviae
587 3309 751 3351 nemorosa
764 3294 846 3370 petit
859 3289 932 3350 dum
947 3308 1043 3367 regna
1056 3288 1172 3364 viator,

408 3373 556 3430 Octavum
573 3372 695 3431 domina
709 3393 843 3432 marmor
858 3375 895 3432 ab
910 3374 988 3432 urbe
1002 3371 1090 3449 legit.

344 3453 449 3514 5Ante
465 3451 626 3513 colebatur
635 3457 718 3513 votis
735 3460 768 3513 et
782 3456 930 3533 sanguine
945 3453 1048 3533 largo,

406 3537 560 3597 Maiorem
574 3535 707 3596 Alciden
721 3555 802 3597 nunc
815 3539 917 3597 minor
930 3539 999 3617 ipse
1014 3535 1097 3598 colit.

364 3620 456 3679 Hunc
470 3639 594 3699 magnas
608 3627 697 3700 rogat
712 3620 792 3681 alter
809 3639 901 3703 opes,
923 3628 1012 3700 rogat
1026 3619 1108 3681 alter
1121 3618 1278 3696 honores3

405 3702 456 3765 llli
470 3722 597 3772 securus
611 3711 682 3767 uota
695 3706 814 3772 minora
828 3704 914 3767 facit.
