<?xml version="1.0" encoding="UTF-8"?>
<!DOCTYPE html PUBLIC "-//W3C//DTD XHTML 1.0 Transitional//EN"
    "http://www.w3.org/TR/xhtml1/DTD/xhtml1-transitional.dtd">
<html xmlns="http://www.w3.org/1999/xhtml" xml:lang="en" lang="en">
 <head>
  <title>
</title>
<meta http-equiv="Content-Type" content="text/html;charset=utf-8" />
  <meta name='ocr-system' content='tesseract 3.04.00' />
  <meta name='ocr-capabilities' content='ocr_page ocr_carea ocr_par ocr_line ocrx_word'/>
</head>
<body>
  <div class='ocr_page' id='page_1' title='image "./satirarumlibriq00juvegoog_0468.png"; bbox 0 0 3434 4575; ppageno 0'>
   <div class='ocr_carea' id='block_1_1' title="bbox 410 335 1147 401">
    <p class='ocr_par' dir='ltr' id='par_1_1' title="bbox 410 335 1147 401">
     <span class='ocr_line' id='line_1_1' title="bbox 410 335 1147 401; baseline -0.004 0"><span class='ocrx_word' id='word_1_1' title='bbox 410 335 477 401; x_wconf 78' lang='lat'><strong>264</strong></span> <span class='ocrx_word' id='word_1_2' title='bbox 742 336 787 397; x_wconf 91' lang='lat' dir='ltr'><strong>M.</strong></span> <span class='ocrx_word' id='word_1_3' title='bbox 805 336 898 399; x_wconf 87' lang='lat' dir='ltr'><strong>VAL.</strong></span> <span class='ocrx_word' id='word_1_4' title='bbox 915 335 1147 398; x_wconf 77' lang='lat' dir='ltr'><strong>MAR&#39;rlauls</strong></span> 
     </span>
    </p>
   </div>
   <div class='ocr_carea' id='block_1_2' title="bbox 880 490 989 554">
    <p class='ocr_par' dir='ltr' id='par_1_2' title="bbox 880 490 989 554">
     <span class='ocr_line' id='line_1_2' title="bbox 880 490 989 554; baseline 0.028 -4"><span class='ocrx_word' id='word_1_5' title='bbox 880 490 989 554; x_wconf 86' lang='lat' dir='ltr'>XXXl.</span> 
     </span>
    </p>
   </div>
   <div class='ocr_carea' id='block_1_3' title="bbox 452 599 1186 2370">
    <p class='ocr_par' dir='ltr' id='par_1_3' title="bbox 496 599 1032 663">
     <span class='ocr_line' id='line_1_3' title="bbox 496 599 1032 663; baseline 0.004 -4"><span class='ocrx_word' id='word_1_6' title='bbox 496 601 612 660; x_wconf 82' lang='lat' dir='ltr'><strong>Atreus</strong></span> <span class='ocrx_word' id='word_1_7' title='bbox 629 599 784 662; x_wconf 80' lang='lat' dir='ltr'><strong>Caecilius</strong></span> <span class='ocrx_word' id='word_1_8' title='bbox 805 602 1032 663; x_wconf 80' lang='lat' dir='ltr'><strong>cucurbitarum</strong></span> 
     </span>
    </p>

    <p class='ocr_par' dir='ltr' id='par_1_4' title="bbox 496 683 1008 766">
     <span class='ocr_line' id='line_1_4' title="bbox 496 683 1008 766; baseline 0.002 -21"><span class='ocrx_word' id='word_1_9' title='bbox 496 685 548 745; x_wconf 89' lang='lat' dir='ltr'><strong>Sic</strong></span> <span class='ocrx_word' id='word_1_10' title='bbox 564 683 635 745; x_wconf 89' lang='lat' dir='ltr'><strong>illas</strong></span> <span class='ocrx_word' id='word_1_11' title='bbox 652 688 737 766; x_wconf 88' lang='lat' dir='ltr'><strong>quasi</strong></span> <span class='ocrx_word' id='word_1_12' title='bbox 752 684 834 747; x_wconf 85' lang='lat' dir='ltr'><strong>lilios</strong></span> <span class='ocrx_word' id='word_1_13' title='bbox 849 687 1008 766; x_wconf 78' lang='lat' dir='ltr'>Thyestae</span> 
     </span>
    </p>

    <p class='ocr_par' dir='ltr' id='par_1_5' title="bbox 495 769 1053 850">
     <span class='ocr_line' id='line_1_5' title="bbox 495 769 1053 850; baseline 0.005 -20"><span class='ocrx_word' id='word_1_14' title='bbox 495 769 530 830; x_wconf 90' lang='lat' dir='ltr'><strong>lu</strong></span> <span class='ocrx_word' id='word_1_15' title='bbox 544 777 650 849; x_wconf 78' lang='lat' dir='ltr'><strong>partes</strong></span> <span class='ocrx_word' id='word_1_16' title='bbox 664 769 783 831; x_wconf 91' lang='lat' dir='ltr'><strong>lacerat</strong></span> <span class='ocrx_word' id='word_1_17' title='bbox 796 777 943 850; x_wconf 79' lang='lat' dir='ltr'><strong>secatque</strong></span> <span class='ocrx_word' id='word_1_18' title='bbox 958 769 1053 833; x_wconf 89' lang='lat' dir='ltr'><strong>mille.</strong></span> 
     </span>
    </p>

    <p class='ocr_par' dir='ltr' id='par_1_6' title="bbox 475 853 1057 1019">
     <span class='ocr_line' id='line_1_6' title="bbox 496 853 1057 935; baseline 0 -21"><span class='ocrx_word' id='word_1_19' title='bbox 496 855 596 915; x_wconf 83' lang='lat' dir='ltr'><strong>Gustu</strong></span> <span class='ocrx_word' id='word_1_20' title='bbox 609 857 751 935; x_wconf 86' lang='lat' dir='ltr'><strong>protinus</strong></span> <span class='ocrx_word' id='word_1_21' title='bbox 765 857 821 916; x_wconf 85' lang='lat' dir='ltr'><strong>has</strong></span> <span class='ocrx_word' id='word_1_22' title='bbox 837 853 913 916; x_wconf 87' lang='lat' dir='ltr'><strong>edes</strong></span> <span class='ocrx_word' id='word_1_23' title='bbox 927 857 960 915; x_wconf 91' lang='lat' dir='ltr'><strong>in</strong></span> <span class='ocrx_word' id='word_1_24' title='bbox 975 856 1057 935; x_wconf 83' lang='lat' dir='ltr'><strong>ipso,</strong></span> 
     </span>
     <span class='ocr_line' id='line_1_7' title="bbox 475 939 1037 1019; baseline 0 -21"><span class='ocrx_word' id='word_1_25' title='bbox 475 939 562 999; x_wconf 73' lang='lat' dir='ltr'><strong>bllas</strong></span> <span class='ocrx_word' id='word_1_26' title='bbox 578 941 677 1018; x_wconf 86' lang='lat' dir='ltr'><strong>prima</strong></span> <span class='ocrx_word' id='word_1_27' title='bbox 692 941 777 1000; x_wconf 88' lang='lat' dir='ltr'><strong>feret</strong></span> <span class='ocrx_word' id='word_1_28' title='bbox 792 939 928 1000; x_wconf 86' lang='lat' dir='ltr'><strong>alterave</strong></span> <span class='ocrx_word' id='word_1_29' title='bbox 944 958 1037 1019; x_wconf 88' lang='lat' dir='ltr'><strong>cena,</strong></span> 
     </span>
    </p>

    <p class='ocr_par' dir='ltr' id='par_1_7' title="bbox 495 1024 990 1106">
     <span class='ocr_line' id='line_1_8' title="bbox 495 1024 990 1106; baseline 0.004 -23"><span class='ocrx_word' id='word_1_30' title='bbox 495 1024 559 1084; x_wconf 91' lang='lat' dir='ltr'><strong>Has</strong></span> <span class='ocrx_word' id='word_1_31' title='bbox 577 1042 655 1084; x_wconf 88' lang='lat' dir='ltr'><strong>ceua</strong></span> <span class='ocrx_word' id='word_1_32' title='bbox 668 1025 726 1084; x_wconf 92' lang='lat' dir='ltr'><strong>tibi</strong></span> <span class='ocrx_word' id='word_1_33' title='bbox 740 1027 835 1085; x_wconf 85' lang='lat' dir='ltr'><strong>tertia</strong></span> <span class='ocrx_word' id='word_1_34' title='bbox 848 1029 990 1106; x_wconf 81' lang='lat' dir='ltr'><strong>reponet.</strong></span> 
     </span>
    </p>

    <p class='ocr_par' dir='ltr' id='par_1_8' title="bbox 497 1107 1044 1189">
     <span class='ocr_line' id='line_1_9' title="bbox 497 1107 1044 1189; baseline 0 -21"><span class='ocrx_word' id='word_1_35' title='bbox 497 1109 579 1169; x_wconf 89' lang='lat' dir='ltr'><strong>Hiuc</strong></span> <span class='ocrx_word' id='word_1_36' title='bbox 594 1126 680 1169; x_wconf 90' lang='lat' dir='ltr'><strong>seras</strong></span> <span class='ocrx_word' id='word_1_37' title='bbox 695 1107 892 1189; x_wconf 85' lang='lat' dir='ltr'><strong>epidipnidas</strong></span> <span class='ocrx_word' id='word_1_38' title='bbox 905 1108 1044 1189; x_wconf 86' lang='lat' dir='ltr'><strong>parabit,</strong></span> 
     </span>
    </p>

    <p class='ocr_par' dir='ltr' id='par_1_9' title="bbox 496 1191 1088 1274">
     <span class='ocr_line' id='line_1_10' title="bbox 496 1191 1088 1274; baseline -0.002 -22"><span class='ocrx_word' id='word_1_39' title='bbox 496 1193 578 1252; x_wconf 85' lang='lat' dir='ltr'><strong>lliuc</strong></span> <span class='ocrx_word' id='word_1_40' title='bbox 592 1193 692 1272; x_wconf 85' lang='lat' dir='ltr'><strong>pistor</strong></span> <span class='ocrx_word' id='word_1_41' title='bbox 706 1194 806 1253; x_wconf 83' lang='lat' dir='ltr'><strong>fatuas</strong></span> <span class='ocrx_word' id='word_1_42' title='bbox 821 1193 898 1253; x_wconf 88' lang='lat' dir='ltr'><strong>facit</strong></span> <span class='ocrx_word' id='word_1_43' title='bbox 911 1191 1088 1274; x_wconf 87' lang='lat' dir='ltr'><strong>placentas,</strong></span> 
     </span>
    </p>

    <p class='ocr_par' dir='ltr' id='par_1_10' title="bbox 456 1275 1083 1441">
     <span class='ocr_line' id='line_1_11' title="bbox 495 1275 1083 1358; baseline 0.002 -22"><span class='ocrx_word' id='word_1_44' title='bbox 495 1278 578 1337; x_wconf 90' lang='lat' dir='ltr'><strong>Hinc</strong></span> <span class='ocrx_word' id='word_1_45' title='bbox 596 1285 628 1337; x_wconf 90' lang='lat' dir='ltr'><strong>et</strong></span> <span class='ocrx_word' id='word_1_46' title='bbox 641 1276 829 1358; x_wconf 80' lang='lat' dir='ltr'><strong>multiplices</strong></span> <span class='ocrx_word' id='word_1_47' title='bbox 844 1279 938 1337; x_wconf 89' lang='lat' dir='ltr'><strong>struit</strong></span> <span class='ocrx_word' id='word_1_48' title='bbox 951 1275 1083 1337; x_wconf 88' lang='lat' dir='ltr'><strong>tabellas</strong></span> 
     </span>
     <span class='ocr_line' id='line_1_12' title="bbox 456 1360 995 1441; baseline -0.006 -18"><span class='ocrx_word' id='word_1_49' title='bbox 456 1362 536 1423; x_wconf 77' lang='lat' dir='ltr'><strong>mut</strong></span> <span class='ocrx_word' id='word_1_50' title='bbox 552 1368 641 1421; x_wconf 91' lang='lat' dir='ltr'><strong>notas</strong></span> <span class='ocrx_word' id='word_1_51' title='bbox 657 1360 831 1441; x_wconf 68' lang='lat' dir='ltr'><strong>caryotidas</strong></span> <span class='ocrx_word' id='word_1_52' title='bbox 845 1363 995 1436; x_wconf 80' lang='lat' dir='ltr'><strong>theatris3</strong></span> 
     </span>
    </p>

    <p class='ocr_par' dir='ltr' id='par_1_11' title="bbox 496 1443 1043 1524">
     <span class='ocr_line' id='line_1_13' title="bbox 496 1443 1043 1524; baseline -0.004 -18"><span class='ocrx_word' id='word_1_53' title='bbox 496 1446 579 1506; x_wconf 87' lang='lat' dir='ltr'><strong>Hinc</strong></span> <span class='ocrx_word' id='word_1_54' title='bbox 594 1447 659 1505; x_wconf 84' lang='lat' dir='ltr'><strong>cuit</strong></span> <span class='ocrx_word' id='word_1_55' title='bbox 671 1447 788 1506; x_wconf 81' lang='lat' dir='ltr'><strong>varium</strong></span> <span class='ocrx_word' id='word_1_56' title='bbox 804 1465 878 1506; x_wconf 89' lang='lat' dir='ltr'><strong>ccco</strong></span> <span class='ocrx_word' id='word_1_57' title='bbox 897 1443 1043 1524; x_wconf 88' lang='lat' dir='ltr'><strong>minutal,</strong></span> 
     </span>
    </p>

    <p class='ocr_par' dir='ltr' id='par_1_12' title="bbox 495 1529 1138 1612">
     <span class='ocr_line' id='line_1_14' title="bbox 495 1529 1138 1612; baseline 0.002 -21"><span class='ocrx_word' id='word_1_58' title='bbox 495 1531 539 1591; x_wconf 89' lang='lat' dir='ltr'><strong>Ut</strong></span> <span class='ocrx_word' id='word_1_59' title='bbox 553 1529 672 1590; x_wconf 87' lang='lat' dir='ltr'><strong>lentem</strong></span> <span class='ocrx_word' id='word_1_60' title='bbox 685 1532 817 1612; x_wconf 80' lang='lat' dir='ltr'><strong>positam</strong></span> <span class='ocrx_word' id='word_1_61' title='bbox 833 1531 996 1610; x_wconf 83' lang='lat' dir='ltr'><strong>fabamque</strong></span> <span class='ocrx_word' id='word_1_62' title='bbox 1011 1529 1138 1592; x_wconf 72' lang='lat' dir='ltr'><strong>credasz</strong></span> 
     </span>
    </p>

    <p class='ocr_par' dir='ltr' id='par_1_13' title="bbox 496 1613 990 1692">
     <span class='ocr_line' id='line_1_15' title="bbox 496 1613 990 1692; baseline 0 -18"><span class='ocrx_word' id='word_1_63' title='bbox 496 1613 624 1676; x_wconf 83' lang='lat' dir='ltr'><strong>Boletos</strong></span> <span class='ocrx_word' id='word_1_64' title='bbox 636 1617 774 1676; x_wconf 84' lang='lat' dir='ltr'><strong>imitatur</strong></span> <span class='ocrx_word' id='word_1_65' title='bbox 789 1622 822 1676; x_wconf 87' lang='lat' dir='ltr'><strong>et</strong></span> <span class='ocrx_word' id='word_1_66' title='bbox 837 1614 990 1692; x_wconf 88' lang='lat' dir='ltr'><strong>botellos,</strong></span> 
     </span>
    </p>

    <p class='ocr_par' dir='ltr' id='par_1_14' title="bbox 459 1699 1126 1866">
     <span class='ocr_line' id='line_1_16' title="bbox 496 1699 1126 1780; baseline 0 -20"><span class='ocrx_word' id='word_1_67' title='bbox 496 1700 538 1761; x_wconf 79' lang='lat' dir='ltr'><strong>Et</strong></span> <span class='ocrx_word' id='word_1_68' title='bbox 553 1699 679 1760; x_wconf 88' lang='lat' dir='ltr'><strong>caudam</strong></span> <span class='ocrx_word' id='word_1_69' title='bbox 695 1702 778 1780; x_wconf 81' lang='lat' dir='ltr'><strong>cybii</strong></span> <span class='ocrx_word' id='word_1_70' title='bbox 791 1701 966 1779; x_wconf 85' lang='lat' dir='ltr'><strong>brevesque</strong></span> <span class='ocrx_word' id='word_1_71' title='bbox 986 1718 1126 1760; x_wconf 86' lang='lat' dir='ltr'><strong>maenas:</strong></span> 
     </span>
     <span class='ocr_line' id='line_1_17' title="bbox 459 1783 1031 1866; baseline -0.007 -19"><span class='ocrx_word' id='word_1_72' title='bbox 459 1785 576 1847; x_wconf 84' lang='lat' dir='ltr'><strong>l5lliuc</strong></span> <span class='ocrx_word' id='word_1_73' title='bbox 591 1783 738 1846; x_wconf 78' lang='lat' dir='ltr'><strong>cellarius</strong></span> <span class='ocrx_word' id='word_1_74' title='bbox 755 1785 916 1866; x_wconf 84' lang='lat' dir='ltr'><strong>experitur</strong></span> <span class='ocrx_word' id='word_1_75' title='bbox 931 1791 1031 1863; x_wconf 88' lang='lat' dir='ltr'><strong>artes,</strong></span> 
     </span>
    </p>

    <p class='ocr_par' dir='ltr' id='par_1_15' title="bbox 496 1870 1002 1949">
     <span class='ocr_line' id='line_1_18' title="bbox 496 1870 1002 1949; baseline -0.006 -18"><span class='ocrx_word' id='word_1_76' title='bbox 496 1871 540 1931; x_wconf 91' lang='lat' dir='ltr'><strong>Ut</strong></span> <span class='ocrx_word' id='word_1_77' title='bbox 558 1870 672 1930; x_wconf 86' lang='lat' dir='ltr'><strong>condat</strong></span> <span class='ocrx_word' id='word_1_78' title='bbox 686 1871 771 1931; x_wconf 88' lang='lat' dir='ltr'><strong>vario</strong></span> <span class='ocrx_word' id='word_1_79' title='bbox 787 1871 874 1930; x_wconf 87' lang='lat' dir='ltr'><strong>valer</strong></span> <span class='ocrx_word' id='word_1_80' title='bbox 892 1887 1002 1949; x_wconf 88' lang='lat' dir='ltr'><strong>sapore</strong></span> 
     </span>
    </p>

    <p class='ocr_par' dir='ltr' id='par_1_16' title="bbox 495 1951 967 2034">
     <span class='ocr_line' id='line_1_19' title="bbox 495 1951 967 2034; baseline 0.002 -19"><span class='ocrx_word' id='word_1_81' title='bbox 495 1955 529 2015; x_wconf 89' lang='lat' dir='ltr'><strong>ln</strong></span> <span class='ocrx_word' id='word_1_82' title='bbox 546 1961 635 2015; x_wconf 89' lang='lat' dir='ltr'><strong>rutae</strong></span> <span class='ocrx_word' id='word_1_83' title='bbox 651 1952 759 2016; x_wconf 85' lang='lat' dir='ltr'><strong>lulium</strong></span> <span class='ocrx_word' id='word_1_84' title='bbox 777 1951 967 2034; x_wconf 81' lang='lat' dir='ltr'><strong>Capelliana.</strong></span> 
     </span>
    </p>

    <p class='ocr_par' dir='ltr' id='par_1_17' title="bbox 497 2036 1085 2118">
     <span class='ocr_line' id='line_1_20' title="bbox 497 2036 1085 2118; baseline -0.005 -20"><span class='ocrx_word' id='word_1_85' title='bbox 497 2040 549 2099; x_wconf 91' lang='lat' dir='ltr'><strong>Sic</strong></span> <span class='ocrx_word' id='word_1_86' title='bbox 562 2036 674 2118; x_wconf 84' lang='lat' dir='ltr'><strong>implet</strong></span> <span class='ocrx_word' id='word_1_87' title='bbox 688 2041 812 2116; x_wconf 82' lang='lat' dir='ltr'><strong>gabatas</strong></span> <span class='ocrx_word' id='word_1_88' title='bbox 827 2036 1085 2118; x_wconf 84' lang='lat' dir='ltr'><strong>parapsidesque,</strong></span> 
     </span>
    </p>

    <p class='ocr_par' dir='ltr' id='par_1_18' title="bbox 452 2121 1186 2285">
     <span class='ocr_line' id='line_1_21' title="bbox 495 2121 1111 2201; baseline -0.005 -18"><span class='ocrx_word' id='word_1_89' title='bbox 495 2123 537 2183; x_wconf 85' lang='lat' dir='ltr'><strong>Et</strong></span> <span class='ocrx_word' id='word_1_90' title='bbox 551 2121 638 2182; x_wconf 82' lang='lat' dir='ltr'><strong>leves</strong></span> <span class='ocrx_word' id='word_1_91' title='bbox 654 2121 790 2181; x_wconf 89' lang='lat' dir='ltr'><strong>scutulas</strong></span> <span class='ocrx_word' id='word_1_92' title='bbox 804 2140 953 2201; x_wconf 87' lang='lat' dir='ltr'><strong>cavasque</strong></span> <span class='ocrx_word' id='word_1_93' title='bbox 967 2121 1082 2182; x_wconf 88' lang='lat' dir='ltr'><strong>lauces.</strong></span> <span class='ocrx_word' id='word_1_94' title='bbox 1109 2148 1111 2152; x_wconf 95' lang='lat'>·</span> 
     </span>
     <span class='ocr_line' id='line_1_22' title="bbox 452 2202 1186 2285; baseline -0.003 -17"><span class='ocrx_word' id='word_1_95' title='bbox 452 2217 487 2268; x_wconf 68' lang='lat'><strong>20</strong></span> <span class='ocrx_word' id='word_1_96' title='bbox 493 2207 561 2265; x_wconf 88' lang='lat' dir='ltr'><strong>Hoc</strong></span> <span class='ocrx_word' id='word_1_97' title='bbox 577 2202 694 2265; x_wconf 92' lang='lat' dir='ltr'><strong>lautum</strong></span> <span class='ocrx_word' id='word_1_98' title='bbox 706 2210 811 2282; x_wconf 88' lang='lat' dir='ltr'><strong>vocat,</strong></span> <span class='ocrx_word' id='word_1_99' title='bbox 832 2205 893 2263; x_wconf 88' lang='lat' dir='ltr'><strong>hoc</strong></span> <span class='ocrx_word' id='word_1_100' title='bbox 907 2211 995 2285; x_wconf 87' lang='lat' dir='ltr'><strong>putat</strong></span> <span class='ocrx_word' id='word_1_101' title='bbox 1009 2212 1186 2285; x_wconf 82' lang='lat' dir='ltr'><strong>venustum,</strong></span> 
     </span>
    </p>

    <p class='ocr_par' dir='ltr' id='par_1_19' title="bbox 500 2287 1063 2370">
     <span class='ocr_line' id='line_1_23' title="bbox 500 2287 1063 2370; baseline 0 -19"><span class='ocrx_word' id='word_1_102' title='bbox 500 2292 597 2351; x_wconf 89' lang='lat' dir='ltr'><strong>Unum</strong></span> <span class='ocrx_word' id='word_1_103' title='bbox 613 2308 732 2370; x_wconf 85' lang='lat' dir='ltr'><strong>ponere</strong></span> <span class='ocrx_word' id='word_1_104' title='bbox 748 2287 876 2351; x_wconf 84' lang='lat' dir='ltr'><strong>ferculis</strong></span> <span class='ocrx_word' id='word_1_105' title='bbox 892 2295 940 2349; x_wconf 85' lang='lat' dir='ltr'><strong>tot</strong></span> <span class='ocrx_word' id='word_1_106' title='bbox 956 2310 1063 2351; x_wconf 86' lang='lat' dir='ltr'><strong>assem.</strong></span> 
     </span>
    </p>
   </div>
   <div class='ocr_carea' id='block_1_4' title="bbox 873 2425 995 2487">
    <p class='ocr_par' dir='ltr' id='par_1_20' title="bbox 873 2425 995 2487">
     <span class='ocr_line' id='line_1_24' title="bbox 873 2425 995 2487; baseline 0.016 -2"><span class='ocrx_word' id='word_1_107' title='bbox 873 2425 995 2487; x_wconf 90' lang='lat' dir='ltr'><strong>XXXll.</strong></span> 
     </span>
    </p>
   </div>
   <div class='ocr_carea' id='block_1_5' title="bbox 474 2522 1375 3032">
    <p class='ocr_par' dir='ltr' id='par_1_21' title="bbox 494 2522 1336 2690">
     <span class='ocr_line' id='line_1_25' title="bbox 494 2522 1336 2611; baseline 0.01 -26"><span class='ocrx_word' id='word_1_108' title='bbox 494 2522 561 2585; x_wconf 89' lang='lat' dir='ltr'><strong>Nec</strong></span> <span class='ocrx_word' id='word_1_109' title='bbox 575 2531 648 2605; x_wconf 84' lang='lat' dir='ltr'><strong>toga</strong></span> <span class='ocrx_word' id='word_1_110' title='bbox 662 2544 721 2586; x_wconf 90' lang='lat' dir='ltr'><strong>nec</strong></span> <span class='ocrx_word' id='word_1_111' title='bbox 736 2527 824 2587; x_wconf 89' lang='lat' dir='ltr'><strong>focus</strong></span> <span class='ocrx_word' id='word_1_112' title='bbox 840 2534 962 2587; x_wconf 87' lang='lat' dir='ltr'><strong>estnec</strong></span> <span class='ocrx_word' id='word_1_113' title='bbox 978 2528 1070 2586; x_wconf 87' lang='lat' dir='ltr'><strong>tritus</strong></span> <span class='ocrx_word' id='word_1_114' title='bbox 1087 2526 1195 2586; x_wconf 90' lang='lat' dir='ltr'><strong>cimice</strong></span> <span class='ocrx_word' id='word_1_115' title='bbox 1209 2525 1336 2611; x_wconf 86' lang='lat' dir='ltr'><strong>lectus,</strong></span> 
     </span>
     <span class='ocr_line' id='line_1_26' title="bbox 535 2608 1193 2690; baseline -0.002 -19"><span class='ocrx_word' id='word_1_116' title='bbox 535 2608 602 2671; x_wconf 90' lang='lat' dir='ltr'><strong>Nec</strong></span> <span class='ocrx_word' id='word_1_117' title='bbox 616 2612 675 2672; x_wconf 85' lang='lat' dir='ltr'><strong>tibi</strong></span> <span class='ocrx_word' id='word_1_118' title='bbox 692 2610 731 2671; x_wconf 85' lang='lat' dir='ltr'><strong>de</strong></span> <span class='ocrx_word' id='word_1_119' title='bbox 743 2611 848 2672; x_wconf 88' lang='lat' dir='ltr'><strong>bibula</strong></span> <span class='ocrx_word' id='word_1_120' title='bbox 864 2618 946 2671; x_wconf 83' lang='lat' dir='ltr'><strong>sarta</strong></span> <span class='ocrx_word' id='word_1_121' title='bbox 959 2609 1072 2690; x_wconf 85' lang='lat' dir='ltr'><strong>palude</strong></span> <span class='ocrx_word' id='word_1_122' title='bbox 1088 2618 1193 2689; x_wconf 84' lang='lat' dir='ltr'><strong>teges,</strong></span> 
     </span>
    </p>

    <p class='ocr_par' dir='ltr' id='par_1_22' title="bbox 493 2693 1375 2859">
     <span class='ocr_line' id='line_1_27' title="bbox 493 2693 1375 2782; baseline 0.007 -26"><span class='ocrx_word' id='word_1_123' title='bbox 493 2693 559 2756; x_wconf 92' lang='lat' dir='ltr'><strong>Nec</strong></span> <span class='ocrx_word' id='word_1_124' title='bbox 573 2714 653 2776; x_wconf 87' lang='lat' dir='ltr'><strong>puer</strong></span> <span class='ocrx_word' id='word_1_125' title='bbox 668 2702 719 2756; x_wconf 91' lang='lat' dir='ltr'><strong>aut</strong></span> <span class='ocrx_word' id='word_1_126' title='bbox 734 2699 856 2775; x_wconf 84' lang='lat' dir='ltr'><strong>senior,</strong></span> <span class='ocrx_word' id='word_1_127' title='bbox 880 2694 965 2755; x_wconf 87' lang='lat' dir='ltr'><strong>nulla</strong></span> <span class='ocrx_word' id='word_1_128' title='bbox 981 2701 1030 2754; x_wconf 88' lang='lat' dir='ltr'><strong>est</strong></span> <span class='ocrx_word' id='word_1_129' title='bbox 1044 2693 1156 2756; x_wconf 92' lang='lat' dir='ltr'><strong>aucilla</strong></span> <span class='ocrx_word' id='word_1_130' title='bbox 1173 2716 1235 2758; x_wconf 92' lang='lat' dir='ltr'><strong>nec</strong></span> <span class='ocrx_word' id='word_1_131' title='bbox 1250 2699 1375 2782; x_wconf 81' lang='lat' dir='ltr'><strong>infans,</strong></span> 
     </span>
     <span class='ocr_line' id='line_1_28' title="bbox 536 2780 1264 2859; baseline 0.011 -21"><span class='ocrx_word' id='word_1_132' title='bbox 536 2780 603 2839; x_wconf 87' lang='lat' dir='ltr'><strong>Nec</strong></span> <span class='ocrx_word' id='word_1_133' title='bbox 618 2799 690 2839; x_wconf 88' lang='lat' dir='ltr'><strong>sera</strong></span> <span class='ocrx_word' id='word_1_134' title='bbox 703 2799 762 2841; x_wconf 88' lang='lat' dir='ltr'><strong>uec</strong></span> <span class='ocrx_word' id='word_1_135' title='bbox 780 2781 873 2842; x_wconf 88' lang='lat' dir='ltr'><strong>clavis</strong></span> <span class='ocrx_word' id='word_1_136' title='bbox 888 2799 948 2840; x_wconf 91' lang='lat' dir='ltr'><strong>nec</strong></span> <span class='ocrx_word' id='word_1_137' title='bbox 962 2781 1046 2839; x_wconf 87' lang='lat' dir='ltr'><strong>cauis</strong></span> <span class='ocrx_word' id='word_1_138' title='bbox 1061 2785 1155 2859; x_wconf 90' lang='lat' dir='ltr'><strong>atque</strong></span> <span class='ocrx_word' id='word_1_139' title='bbox 1171 2780 1264 2847; x_wconf 82' lang='lat' dir='ltr'><strong>calix.</strong></span> 
     </span>
    </p>

    <p class='ocr_par' dir='ltr' id='par_1_23' title="bbox 474 2862 1321 3032">
     <span class='ocr_line' id='line_1_29' title="bbox 474 2862 1298 2944; baseline 0.007 -21"><span class='ocrx_word' id='word_1_140' title='bbox 474 2862 546 2923; x_wconf 84' lang='lat' dir='ltr'><strong>5Tu</strong></span> <span class='ocrx_word' id='word_1_141' title='bbox 564 2871 668 2922; x_wconf 86' lang='lat' dir='ltr'><strong>tamen</strong></span> <span class='ocrx_word' id='word_1_142' title='bbox 684 2865 827 2944; x_wconf 81' lang='lat' dir='ltr'><strong>affectas,</strong></span> <span class='ocrx_word' id='word_1_143' title='bbox 848 2864 980 2942; x_wconf 85' lang='lat' dir='ltr'><strong>Nestor,</strong></span> <span class='ocrx_word' id='word_1_144' title='bbox 1003 2863 1065 2924; x_wconf 88' lang='lat' dir='ltr'><strong>dici</strong></span> <span class='ocrx_word' id='word_1_145' title='bbox 1081 2871 1174 2943; x_wconf 88' lang='lat' dir='ltr'><strong>atque</strong></span> <span class='ocrx_word' id='word_1_146' title='bbox 1191 2867 1298 2928; x_wconf 84' lang='lat' dir='ltr'><strong>videri</strong></span> 
     </span>
     <span class='ocr_line' id='line_1_30' title="bbox 535 2946 1321 3032; baseline 0.011 -26"><span class='ocrx_word' id='word_1_147' title='bbox 535 2946 674 3028; x_wconf 81' lang='lat' dir='ltr'><strong>Pauper,</strong></span> <span class='ocrx_word' id='word_1_148' title='bbox 697 2952 775 3010; x_wconf 89' lang='lat' dir='ltr'><strong>etin</strong></span> <span class='ocrx_word' id='word_1_149' title='bbox 792 2947 909 3032; x_wconf 89' lang='lat' dir='ltr'><strong>populo</strong></span> <span class='ocrx_word' id='word_1_150' title='bbox 926 2950 1049 3029; x_wconf 87' lang='lat' dir='ltr'><strong>quaeris</strong></span> <span class='ocrx_word' id='word_1_151' title='bbox 1067 2949 1185 3010; x_wconf 90' lang='lat' dir='ltr'><strong>habere</strong></span> <span class='ocrx_word' id='word_1_152' title='bbox 1200 2949 1321 3015; x_wconf 88' lang='lat' dir='ltr'><strong>lecum.</strong></span> 
     </span>
    </p>
   </div>
   <div class='ocr_carea' id='block_1_6' title="bbox 493 3029 1264 3200">
    <p class='ocr_par' dir='ltr' id='par_1_24' title="bbox 493 3029 1264 3200">
     <span class='ocr_line' id='line_1_31' title="bbox 493 3029 1177 3115; baseline 0.009 -25"><span class='ocrx_word' id='word_1_153' title='bbox 493 3029 641 3092; x_wconf 89' lang='lat' dir='ltr'><strong>Mentiris</strong></span> <span class='ocrx_word' id='word_1_154' title='bbox 655 3053 795 3115; x_wconf 86' lang='lat' dir='ltr'><strong>vanaque</strong></span> <span class='ocrx_word' id='word_1_155' title='bbox 810 3035 869 3095; x_wconf 91' lang='lat' dir='ltr'><strong>tibi</strong></span> <span class='ocrx_word' id='word_1_156' title='bbox 883 3033 1033 3093; x_wconf 85' lang='lat' dir='ltr'><strong>blandiris</strong></span> <span class='ocrx_word' id='word_1_157' title='bbox 1047 3034 1177 3097; x_wconf 84' lang='lat' dir='ltr'><strong>honere.</strong></span> 
     </span>
     <span class='ocr_line' id='line_1_32' title="bbox 534 3116 1264 3200; baseline 0.008 -23"><span class='ocrx_word' id='word_1_158' title='bbox 534 3116 604 3177; x_wconf 90' lang='lat' dir='ltr'><strong>Nou</strong></span> <span class='ocrx_word' id='word_1_159' title='bbox 619 3124 668 3178; x_wconf 89' lang='lat' dir='ltr'><strong>est</strong></span> <span class='ocrx_word' id='word_1_160' title='bbox 683 3126 866 3200; x_wconf 76' lang='lat' dir='ltr'><strong>paupertas,</strong></span> <span class='ocrx_word' id='word_1_161' title='bbox 887 3117 1017 3196; x_wconf 87' lang='lat' dir='ltr'><strong>Nestor,</strong></span> <span class='ocrx_word' id='word_1_162' title='bbox 1038 3119 1156 3179; x_wconf 88' lang='lat' dir='ltr'><strong>habere</strong></span> <span class='ocrx_word' id='word_1_163' title='bbox 1170 3119 1264 3184; x_wconf 91' lang='lat' dir='ltr'><strong>nihil.</strong></span> 
     </span>
    </p>
   </div>
   <div class='ocr_carea' id='block_1_7' title="bbox 862 3254 997 3315">
    <p class='ocr_par' dir='ltr' id='par_1_25' title="bbox 862 3254 997 3315">
     <span class='ocr_line' id='line_1_33' title="bbox 862 3254 997 3315; baseline 0.007 -1"><span class='ocrx_word' id='word_1_164' title='bbox 862 3254 997 3315; x_wconf 93' lang='lat' dir='ltr'><strong>XXXlll.</strong></span> 
     </span>
    </p>
   </div>
   <div class='ocr_carea' id='block_1_8' title="bbox 490 3352 1305 3685">
    <p class='ocr_par' dir='ltr' id='par_1_26' title="bbox 491 3352 1305 3519">
     <span class='ocr_line' id='line_1_34' title="bbox 491 3352 1305 3435; baseline 0.007 -22"><span class='ocrx_word' id='word_1_165' title='bbox 491 3352 620 3433; x_wconf 87' lang='lat' dir='ltr'><strong>Saepius</strong></span> <span class='ocrx_word' id='word_1_166' title='bbox 637 3352 676 3415; x_wconf 85' lang='lat' dir='ltr'><strong>ad</strong></span> <span class='ocrx_word' id='word_1_167' title='bbox 690 3354 821 3434; x_wconf 89' lang='lat' dir='ltr'><strong>palmam</strong></span> <span class='ocrx_word' id='word_1_168' title='bbox 836 3355 983 3416; x_wconf 90' lang='lat' dir='ltr'><strong>Prasinus</strong></span> <span class='ocrx_word' id='word_1_169' title='bbox 999 3362 1071 3435; x_wconf 84' lang='lat' dir='ltr'><strong>post</strong></span> <span class='ocrx_word' id='word_1_170' title='bbox 1086 3356 1149 3414; x_wconf 89' lang='lat' dir='ltr'><strong>fata</strong></span> <span class='ocrx_word' id='word_1_171' title='bbox 1164 3354 1305 3419; x_wconf 85' lang='lat' dir='ltr'><strong>Neronis</strong></span> 
     </span>
     <span class='ocr_line' id='line_1_35' title="bbox 533 3437 1227 3519; baseline 0.006 -22"><span class='ocrx_word' id='word_1_172' title='bbox 533 3437 682 3498; x_wconf 87' lang='lat' dir='ltr'><strong>Pervenit</strong></span> <span class='ocrx_word' id='word_1_173' title='bbox 697 3446 730 3498; x_wconf 86' lang='lat' dir='ltr'><strong>et</strong></span> <span class='ocrx_word' id='word_1_174' title='bbox 747 3440 845 3499; x_wconf 86' lang='lat' dir='ltr'><strong>victor</strong></span> <span class='ocrx_word' id='word_1_175' title='bbox 860 3440 997 3518; x_wconf 88' lang='lat' dir='ltr'><strong>praemia</strong></span> <span class='ocrx_word' id='word_1_176' title='bbox 1012 3438 1101 3519; x_wconf 91' lang='lat' dir='ltr'><strong>plura</strong></span> <span class='ocrx_word' id='word_1_177' title='bbox 1115 3439 1227 3501; x_wconf 85' lang='lat' dir='ltr'><strong>refert.</strong></span> 
     </span>
    </p>

    <p class='ocr_par' dir='ltr' id='par_1_27' title="bbox 490 3520 1248 3685">
     <span class='ocr_line' id='line_1_36' title="bbox 490 3520 1248 3601; baseline 0.005 -21"><span class='ocrx_word' id='word_1_178' title='bbox 490 3520 615 3599; x_wconf 87' lang='lat' dir='ltr'><strong>lnuuc,</strong></span> <span class='ocrx_word' id='word_1_179' title='bbox 636 3520 717 3583; x_wconf 88' lang='lat' dir='ltr'><strong>livor</strong></span> <span class='ocrx_word' id='word_1_180' title='bbox 734 3522 828 3601; x_wconf 84' lang='lat' dir='ltr'><strong>edax,</strong></span> <span class='ocrx_word' id='word_1_181' title='bbox 851 3522 901 3582; x_wconf 91' lang='lat' dir='ltr'><strong>dic</strong></span> <span class='ocrx_word' id='word_1_182' title='bbox 915 3530 947 3582; x_wconf 89' lang='lat' dir='ltr'><strong>te</strong></span> <span class='ocrx_word' id='word_1_183' title='bbox 964 3526 1096 3584; x_wconf 83' lang='lat' dir='ltr'><strong>cessisse</strong></span> <span class='ocrx_word' id='word_1_184' title='bbox 1109 3522 1248 3601; x_wconf 86' lang='lat' dir='ltr'><strong>Neroni;</strong></span> 
     </span>
     <span class='ocr_line' id='line_1_37' title="bbox 532 3606 1223 3685; baseline 0.003 -17"><span class='ocrx_word' id='word_1_185' title='bbox 532 3606 617 3669; x_wconf 88' lang='lat' dir='ltr'><strong>Vicit</strong></span> <span class='ocrx_word' id='word_1_186' title='bbox 631 3608 776 3667; x_wconf 86' lang='lat' dir='ltr'><strong>nimirum</strong></span> <span class='ocrx_word' id='word_1_187' title='bbox 793 3626 854 3667; x_wconf 89' lang='lat' dir='ltr'><strong>uon</strong></span> <span class='ocrx_word' id='word_1_188' title='bbox 870 3607 970 3685; x_wconf 82' lang='lat' dir='ltr'><strong>Nera,</strong></span> <span class='ocrx_word' id='word_1_189' title='bbox 994 3607 1051 3668; x_wconf 85' lang='lat' dir='ltr'><strong>sed</strong></span> <span class='ocrx_word' id='word_1_190' title='bbox 1065 3608 1223 3672; x_wconf 85' lang='lat' dir='ltr'><strong>Prasiuus.</strong></span> 
     </span>
    </p>
   </div>
   <div class='ocr_carea' id='block_1_9' title="bbox 0 0 1722 4575">
    <p class='ocr_par' dir='ltr' id='par_1_28' title="bbox 0 0 1722 4575">
     <span class='ocr_line' id='line_1_38' title="bbox 0 0 1722 4575; baseline 0 0"><span class='ocrx_word' id='word_1_191' title='bbox 0 0 1722 4575; x_wconf 95' lang='lat' dir='ltr'><strong> </strong></span> 
     </span>
    </p>
   </div>
  </div>
 </body>
</html>
