3434 4575
382 483 422 545 34
730 496 764 543 o.
785 496 857 544 ror.
880 497 1069 546 mannus

381 636 441 697 lam
464 638 579 714 senior,
603 637 684 696 cuins
706 634 826 696 barbam
847 646 894 695 tua
918 637 999 696 ianua
1023 637 1103 698 vidit.
1323 654 1375 707 215

382 719 520 780 'l'estandi
544 739 629 800 quum
651 721 687 779 sit
710 719 864 780 lenonibus
888 729 975 800 atque
997 720 1108 782 lanistis

383 804 513 865 Libertas
538 814 567 864 et
589 805 659 864 iuris
680 803 757 864 idem
779 805 927 882 contingat
950 822 1068 882 arenae,

381 887 447 948 Non
471 907 542 948 unus
558 888 610 948 tibi
630 888 731 949 rivalis
754 887 910 948 dictabitur
933 888 1031 949 ireres.
1052 920 1096 933 —

381 973 461 1033 Pone
485 991 602 1033 crucem
624 989 722 1032 servo.
745 1005 788 1018 —-
807 971 912 1032 lleroit
937 991 996 1052 quo
1019 975 1140 1035 crimine
1162 995 1268 1037 servos

296 1126 299 1131 ¹
382 1055 583 1135 suppliciunt
608 1057 674 1137 quis
695 1057 780 1117 testis
802 1055 907 1117 adest'l
931 1059 996 1137 quis
1018 1056 1142 1118 detulit?
1164 1061 1242 1135 audi,
1323 1073 1373 1126 tao

381 1141 465 1202 Nulla
493 1159 626 1221 nmquam
648 1141 685 1201 de
707 1149 801 1200 morte
825 1140 948 1201 hominis
975 1144 1119 1204 cunctatio
1146 1144 1232 1222 longa
1256 1156 1310 1204 est.
1335 1180 1373 1191 -

381 1226 564 1300 (idonens,
588 1227 626 1285 ita
650 1242 755 1284 servos
777 1223 864 1284 homo
889 1223 955 1285 esti
980 1227 1020 1286 nil
1042 1227 1165 1303 lecerit,
1190 1239 1270 1289 esto:

381 1310 552 1383 licencia,
578 1311 621 1369 sic
643 1308 747 1384 iubeo,
772 1310 809 1367 sit
831 1325 886 1387 pro
909 1311 1021 1371 ratione
1043 1310 1188 1383 voluptas.

381 1395 507 1472 Imperat
529 1411 602 1471 ergo
623 1394 704 1461 riro;
728 1393 781 1453 scd
803 1410 872 1452 mox
894 1393 970 1453 lraec
992 1413 1083 1473 regna
1106 1397 1241 1476 relinquit

382 1478 585 1556 Permutatque
607 1478 711 1537 domos
734 1487 764 1537 et
785 1478 917 1537 flammea
941 1481 1079 1546 conterit:
1102 1480 1168 1541 iude
1322 1495 1372 1547 aas

384 1560 488 1622 Avolat
512 1571 541 1621 et
562 1564 652 1640 spreti
676 1561 785 1640 repetit
807 1563 933 1639 vestigia
954 1562 1034 1622 lecti.

382 1645 504 1706 Ornatas
526 1645 613 1724 paulo
633 1655 699 1707 ante
721 1645 820 1720 iores,
843 1646 1002 1724 pendentia
1024 1647 1127 1726 linquit

382 1730 453 1791 Vela
476 1730 578 1790 domus
603 1739 633 1790 et
657 1729 752 1790 adlruc
773 1730 884 1791 virides
905 1730 933 1788 in
956 1731 1052 1791 limine
1074 1750 1180 1792 ramos.

381 1816 430 1876 Sic
452 1816 561 1876 crescit
581 1833 735 1890 numerus,
758 1815 802 1873 sic
827 1814 896 1874 liunt
921 1826 989 1874 octo
1012 1817 1104 1875 mariti

381 1898 515 1978 Quinque
539 1917 593 1977 per
614 1908 782 1975 autumnos,
804 1897 887 1958 titulo
908 1917 956 1958 res
980 1900 1066 1977 digua
1088 1901 1226 1979 sepulcri.
1321 1912 1372 1968 tao

421 1982 614 2062 Desperanda
637 1983 690 2043 tibi
714 1983 793 2043 salva
819 1982 975 2042 concordia
999 2001 1094 2044 socru.

380 2067 432 2127 llla
457 2068 544 2127 docet
567 2067 670 2144 spoliis
692 2066 758 2126 nudi
781 2066 912 2142 gaudere
934 2068 1042 2132 mariti:

380 2151 432 2212 llla
458 2151 546 2210 docet
571 2151 665 2210 missis
688 2168 704 2210 a
727 2159 902 2227 corruptore
928 2150 1046 2211 tabellis

379 2233 425 2296 Nil
450 2235 521 2295 rude
545 2255 600 2295 nec
623 2232 748 2313 simplex
769 2233 952 2299 rescribere;
977 2234 1085 2315 decipit
1108 2236 1158 2297 illa

380 2317 525 2380 Custodes
548 2330 596 2379 aut
617 2335 686 2379 aere
709 2318 819 2380 domat:
842 2328 912 2378 tunc
935 2336 1061 2397 corpore
1085 2338 1155 2381 sano
1321 2332 1371 2387 aas

381 2404 512 2463 Advocat
536 2403 724 2481 Archigenen
747 2419 931 2482 onerosaque
954 2403 1043 2481 pallia
1067 2405 1163 2464 iactat.

381 2487 502 2547 Abditus
525 2488 635 2546 interea
659 2487 729 2546 latet
750 2496 779 2547 et
801 2496 934 2547 secretus
957 2487 1080 2561 adulter,

379 2571 595 2650 lmpatiensque
617 2588 717 2631 morae
741 2570 808 2631 silet
830 2581 860 2631 ot
881 2573 1032 2649 praeputia
1054 2572 1141 2632 ducit.

380 2655 501 2715 Scilicet
526 2664 700 2734 exspectas,
726 2665 755 2714 ut
773 2655 866 2715 tradat
887 2665 980 2715 mater
1002 2655 1143 2716 honestos

380 2741 475 2819 Atque
498 2739 572 2799 alios
598 2756 712 2812 mores,
736 2756 819 2818 qnam
841 2756 916 2817 quos
938 2739 1044 2799 habu.
1070 2740 1141 2801 utile
1163 2758 1253 2820 porro
1320 2755 1371 2809 ato

379 2821 510 2883 Filiolam
531 2825 607 2903 turpi
629 2822 747 2884 vetulae
770 2823 936 2902 producere
958 2832 1082 2902 turpem.

379 2906 464 2968 Nulla
487 2907 551 2967 iere
575 2926 662 2968 causa
686 2918 748 2983 est,
771 2909 878 2986 inqua
901 2925 958 2966 non
977 2907 1082 2967 femina
1102 2909 1181 2969 litem

379 2991 512 3051 llorerit.
555 2993 684 3051 Accusat
705 2991 838 3063 llanilia,
866 2993 889 3050 si
913 3009 963 3051 rea
986 3001 1119 3051 nonest.

380 3073 561 3153 Componunt
583 3076 665 3153 ipsae
686 3094 740 3153 per
760 3093 794 3135 se
816 3074 998 3154 formantque
1021 3075 1151 3149 libellos,

379 3160 553 3237 Principium
577 3168 664 3237 atque
687 3157 772 3218 locos
795 3156 886 3218 Celso
911 3159 1021 3219 dictare
1045 3169 1172 3238 paratae.
1319 3173 1370 3227 245

380 3243 571 3303 Endromidas
593 3241 697 3317 Tyrias
719 3252 749 3302 et
770 3242 923 3302 femineum
951 3260 1066 3303 ceroma

380 3326 452 3400 Quis
474 3325 588 3388 nescit?
609 3325 658 3386 vel
681 3326 746 3404 quis
767 3343 825 3385 non
849 3327 920 3386 vidit
942 3327 1061 3387 vulnera
1087 3324 1165 3404 palii

380 3410 473 3485 Quem
497 3421 581 3471 cavat
605 3410 729 3470 assiduis
753 3409 872 3469 sudibus
895 3420 1037 3489 scutoque
1061 3410 1180 3471 lacessit

381 3497 476 3573 Atque
501 3513 602 3555 omnes
626 3494 727 3572 implet
752 3511 886 3554 numeros
911 3494 1077 3571 dignissima
1103 3513 1225 3572 prorsus

380 3579 488 3639 Florali
509 3589 639 3639 matrona
663 3577 745 3653 tuba,
768 3578 822 3635 nisi
843 3578 868 3636 si
891 3578 958 3655 quid
981 3579 1008 3636 in
1032 3578 1083 3638 illo
1318 3594 1370 3645 aso

381 3664 505 3722 Pectore
526 3663 591 3741 plus
614 3662 704 3740 agitat
725 3678 873 3739 veraeque
897 3671 1014 3740 paratur
1035 3679 1151 3722 arenae.

381 3746 473 3815 Quaem
496 3756 646 3825 praestaro
669 3754 768 3826 potest
790 3744 895 3806 mulier
913 3746 1029 3823 galeata
1049 3746 1201 3825 pudorem,

301 3985 433 4043 A
