3434 4575
337 357 399 423 lto
462 368 465 373 '
660 357 706 420 Μ.
722 356 814 419 VAL.
829 354 1057 418 muamus

419 507 545 571 metuo
559 509 691 568 ettonito
706 509 829 587 pinguis
844 506 976 569 Galatea
988 514 1122 587 poetae,

464 591 626 671 Thestylis
641 599 675 651 et
687 594 797 652 mbrus
812 593 964 652 messibus
979 599 1048 652 usta
1063 610 1180 670 genas:

419 676 567 736 Protinus
581 676 716 736 Issum
733 677 877 756 concepit
892 683 926 735 et
939 694 1027 736 ιιιιι
1043 695 1228 755 munus,

377 768 412 821 2⁰
461 761 522 837 Qui
536 758 627 820 modo
643 761 693 819 vix
709 758 848 820 Culicem
863 760 994 819 fleverat
1008 779 1064 820 ore
1079 760 1163 821 rudi.

421 842 504 921 Quid
517 843 629 906 Varios
644 844 829 921 Marsosque
843 843 954 922 loquar
969 842 1131 922 ditataque
1144 852 1253 905 vatum

461 927 609 1004 Nomina,
629 945 755 1004 mugnus
771 928 834 987 erit
849 946 925 1006 quos
940 945 1106 987 numerare
1119 926 1239 990 labor?

418 1012 502 1090 Ergo
518 1030 576 1090 ego
591 1009 768 1088 Vergilius,
790 1012 817 1070 si
832 1029 960 1070 munera
974 1011 1173 1072 Maecenatis

462 1095 525 1155 Des
540 1095 638 1154 mihi?
667 1094 825 1172 Vergilius
838 1113 902 1154 uon
916 1113 991 1173 ero,
1012 1094 1139 1155 Marsus
1155 1115 1226 1156 ero.

815 1207 908 1272 LVII.

422 1302 504 1364 'I'rcs
519 1305 628 1363 habuit
644 1302 773 1384 dentes,
793 1308 914 1386 puriter
929 1325 1006 1386 quos
1022 1308 1130 1386 expuit
1146 1327 1278 1388 omnes,

464 1385 515 1446 Ad
529 1385 679 1446 tumulum
694 1388 806 1450 Picens
822 1389 894 1450 dum
909 1388 999 1451 sedet
1012 1390 1081 1470 ipse
1095 1410 1207 1468 suum;

422 1468 622 1550 Collegitque
637 1473 707 1530 sinu
719 1471 894 1552 fragmenta
909 1474 1072 1534 novissima
1084 1471 1150 1535 lui

463 1553 536 1616 Oris
551 1562 585 1614 et
600 1561 725 1634 aggesta
742 1556 963 1618 contumulavit
977 1558 1080 1618 humo.

399 1638 503 1701 ὁθιιι
516 1636 594 1700 licet
611 1638 765 1719 quondam
780 1639 920 1701 defuncti
935 1661 997 1701 non
1013 1639 1101 1720 legat
1113 1643 1230 1704 heres:

463 1724 533 1784 Hoc
547 1724 608 1783 sibi
622 1725 681 1784 ium
696 1724 809 1785 Picens
823 1727 984 1805 praestitit
1000 1724 1147 1790 officium.

810 1835 915 1898 LVIII.

421 1928 499 1990 Cum
513 1929 572 1989 tibi
586 1935 648 1988 tam
665 1945 786 1986 crussac
800 1929 879 2003 siut,
901 1925 1121 2005 Artemidore,
1137 1927 1308 2013 lacernae,

463 2012 585 2072 Possim
599 2019 632 2072 te
647 2010 785 2087 Sagarim
799 2013 869 2071 iure
882 2029 993 2071 vocare
1009 2029 1088 2072 meo.

816 2121 896 2184 LIX.

420 2215 542 2296 dspIcis
556 2215 638 2274 hunc
655 2232 717 2272 uno
731 2220 909 2274 contentum
925 2213 1057 2294 lumine,
1079 2217 1169 2276 cuius

461 2300 561 2380 Lippa
575 2299 630 2357 sub
647 2299 754 2358 attrita
768 2298 874 2358 fronte
889 2298 997 2359 lucuua
1011 2301 1124 2380 patet?

418 2383 467 2443 Ne
483 2390 646 2444 contemne
661 2388 767 2462 caput,
786 2382 866 2442 nihil
880 2388 930 2442 est
942 2384 1078 2444 furacius
1091 2383 1169 2460 illo;

461 2465 530 2527 Non
545 2468 605 2527 fuit
615 2464 762 2545 Autolyci
778 2471 841 2525 tam
855 2467 997 2546 pIperata
1012 2487 1129 2529 munus.

397 2550 512 2615 tiIunc
528 2558 562 2612 tu
576 2552 730 2611 convivam
746 2555 852 2609 cautus
867 2568 991 2610 servare
1008 2558 1183 2611 mementot

463 2636 552 2697 Tunc
566 2636 644 2695 furit
658 2640 752 2714 atque
767 2632 855 2694 oculo
872 2632 977 2693 luscus
995 2641 1130 2714 utroque
1145 2635 1249 2702 videt.
1269 2631 1273 2635 ’

418 2719 536 2781 Pocula
549 2718 675 2779 solliciti
691 2716 828 2799 perdunt
840 2715 1013 2797 ligulasque
1027 2720 1165 2779 ministri

461 2803 504 2863 lit
516 2803 597 2866 latet
607 2803 640 2862 In
654 2800 761 2880 tepido
776 2800 910 2880 plurima
924 2821 1033 2881 mappa
1048 2804 1127 2864 siun.

419 2887 520 2965 Lapsa
532 2904 592 2945 nec
608 2886 744 2944 acubitu
761 2884 934 2945 subducere
949 2885 1041 2965 pallia
1055 2889 1160 2947 nescIt

377 2978 412 3032 lo
460 2970 503 3031 Et
517 2974 619 3030 tectus
630 2965 730 3026 laenis
743 2986 835 3047 saepe
854 2967 970 3028 duabus
985 2970 1058 3032 abit.

420 3052 485 3115 Nec
500 3051 718 3113 dormitantem
729 3068 854 3111 vernam
869 3052 1014 3112 fraudare
1027 3050 1158 3113 lucerna

460 3137 595 3199 Erubuit
609 3132 720 3212 fallax,
743 3131 851 3193 uideat
865 3131 921 3194 illa
934 3135 1019 3197 IIcet.

420 3219 455 3282 Si
470 3219 549 3281 nihil
563 3219 691 3295 invasit,
713 3236 842 3298 puerum
858 3224 932 3279 tunc
950 3225 1017 3279 arte
1033 3216 1156 3280 dolosa-

461 3304 581 3365 Gircuit
597 3308 630 3363 et
645 3300 747 3362 soleas
760 3302 890 3381 surrIpit
902 3304 969 3383 ipse
985 3322 1062 3362 suas.

822 3412 887 3474 Lx.

420 3510 542 3573 Summa
555 3510 691 3575 Pulstiui
703 3517 828 3593 poteras
843 3529 975 3589 aequare
991 3510 1130 3589 Colossi,

464 3595 498 3656 Si
510 3597 605 3658 detes
619 3598 758 3675 brevior,
781 3592 926 3673 Claudia,
949 3592 1182 3673 sesquipedem.
