3434 4575
549 482 1030 545 nrrouaomauonmuu.
1251 464 1322 543 107'

303 667 306 671 ·
327 638 448 717 5„Sors
463 655 531 698 mea
546 655 634 714 quarn
651 636 757 696 fratris
772 633 901 712 melior,
924 636 973 695 cui
988 641 1050 695 tam
1065 654 1164 715 prope
1179 635 1226 694 fas
1243 639 1293 694 eat

395 722 553 797 Cernere,
575 725 636 794 tam
649 718 743 799 longe
759 737 850 798 quem
867 719 942 780 colit
956 718 1014 779 ille
1030 718 1154 778 deum.“

768 854 819 916 lv.

350 967 467 1029 Fetere
482 966 577 1026 multo
592 965 729 1044 Myrtale
746 964 826 1026 solet
841 967 928 1044 vino,

352 1051 415 1120 Sed
429 1049 520 1110 fallat
534 1056 567 1110 ut
582 1069 655 1125 nos,
677 1049 752 1109 folia
767 1048 896 1110 devorat
909 1049 990 1109 lauri

351 1135 536 1213 Merumque
553 1139 641 1193 cauta
655 1133 785 1211 fronde,
807 1154 869 1193 non
884 1153 960 1212 aqua
975 1136 1093 1195 miscet.

352 1220 441 1279 Hauc
454 1225 490 1278 tu
504 1219 668 1277 rubentem
681 1219 930 1297 prominentibus
947 1219 1035 1278 venia

332 1304 511 1379 5Quotiens
526 1303 651 1378 venire,
672 1301 786 1380 Paule,
807 1299 925 1362 videris
941 1308 1064 1376 contra3

352 1388 441 1446 Dicas
457 1384 567 1446 licebit
583 1385 742 1464 „Myrtale
758 1387 838 1446 bibit
853 1384 1008 1445 laurum.“

774 1521 811 1581 V.

354 1630 465 1708 Sexte,
486 1628 647 1690 Palatinae
662 1628 764 1690 cultor
779 1630 912 1690 facunde
927 1631 1107 1710 Minervae,

393 1715 519 1794 Ingenio
534 1713 648 1774 frueris
664 1715 715 1792 qui
729 1715 876 1795 propiore
892 1713 959 1789 dei;

352 1798 429 1862 Nam
444 1800 502 1858 tibi
516 1802 680 1857 nascentes
695 1796 811 1857 domini
825 1816 1014 1875 cognoscere
1030 1818 1119 1859 curas

394 1884 436 1943 Et
451 1889 574 1942 secreta
589 1880 676 1940 ducis
691 1887 819 1961 pectora
833 1901 926 1942 nosse
940 1879 1034 1941 lieet:

331 1966 405 2029 usit
417 1965 504 2026 locus
521 1973 554 2027 et
568 1966 684 2026 nostris
700 1965 802 2043 aliqua
817 1967 875 2025 tibi
889 1972 979 2046 parte
993 1963 1130 2044 libellis,

397 2052 463 2128 Qua
477 2049 582 2127 Pedo,
605 2070 664 2129 qua
679 2049 803 2110 Marsus
820 2069 941 2130 quaque
958 2048 1098 2111 Catullus
1115 2051 1188 2113 erit.

353 2134 401 2195 Ad
417 2135 586 2214 Capitolini
602 2132 748 2194 caelestia
762 2136 897 2194 carmina
914 2132 991 2194 belli

396 2218 522 2279 Grande
538 2219 714 2278 cothurnati
729 2237 811 2299 pone
826 2219 966 2280 Maronis
983 2237 1068 2300 opua·

770 2362 820 2423 Vl.

354 2474 388 2533 Si
403 2493 464 2533 non
480 2478 529 2533 est
543 2491 634 2552 grave
650 2492 708 2533 nec
723 2473 814 2533 nimis
829 2473 1009 2554 molestum,

353 2557 479 2635 Musae,
500 2557 702 2616 Parthenium
717 2562 826 2635 rogate
840 2565 990 2618 vestrum:

354 2641 406 2702 Sic
422 2648 454 2701 te
469 2641 570 2701 serior
586 2647 619 2700 et
632 2643 724 2701 beata
739 2639 892 2719 quondam

355 2725 444 2786 Salvo
460 2726 593 2785 Caesare
608 2726 695 2785 liniat
710 2731 854 2784 senectus

331 2810 398 2871 obit
412 2810 454 2869 sis
469 2808 583 2869 invidia
598 2809 722 2869 favente
736 2806 830 2886 ielirq

356 2894 408 2953 Sic
422 2894 540 2953 Burrus
556 2894 618 2953 cito
635 2893 749 2953 sentiat
762 2897 941 2973 parentem:

353 2975 507 3037 Admittas
523 2977 658 3037 timidam
674 2979 863 3055 brevemque
879 2977 1016 3038 chartam

353 3062 438 3121 intra
452 3061 558 3122 limina
573 3062 736 3121 sanctioris
752 3062 826 3122 aeri.

352 3145 442 3204 Nosti
457 3152 597 3225 tempora
612 3151 646 3205 tu
661 3145 740 3206 lovis
757 3146 879 3221 sereni,

312 3230 430 3311 locum
445 3227 548 3307 fulget
562 3226 684 3308 placido
701 3247 819 3307 suoque
833 3225 937 3307 voltu,

353 3313 421 3389 Quo
435 3312 480 3373 nil
496 3311 687 3393 supplicibus
701 3311 784 3373 solet
798 3331 924 3390 negare.

352 3397 422 3457 Non
439 3403 488 3457 est
504 3395 587 3477 quod
601 3405 720 3458 metuas
735 3415 847 3476 preces
861 3397 998 3476 iniquas:
1018 3461 1026 3469 .

353 3480 516 3560 Nunquam
531 3480 659 3559 granffla
674 3498 733 3540 nec
747 3478 880 3541 molesta
896 3480 998 3561 poscit

354 3564 440 3639 Quae
454 3564 550 3624 cedro
566 3562 711 3624 decorata
723 3582 922 3645 purpuraque

314 3647 457 3725 thigris
471 3648 584 3728 pagina
598 3649 698 3708 crevit
711 3648 876 3709 umbilicis.

353 3731 419 3793 Nec
432 3732 612 3811 porrexeris
626 3733 702 3811 iata,
724 3730 781 3792 aed
796 3738 905 3792 teneto
