3434 4575
352 363 415 429 184
676 363 722 424 M.
738 362 830 425 VAL.
847 360 1074 424 MAR'I'IALIS

805 564 944 627 XXXVI.

436 680 533 758 Regia
546 677 754 760 pyramidum,
776 679 908 757 Caesar,
929 676 1077 738 miracula
1089 676 1179 739 rides
1283 739 1287 743 .
1394 708 1397 716 ·

477 764 539 824 Iam
552 770 637 823 tacet
650 764 750 824 Eoum
766 763 899 822 barbara
911 763 1068 840 Memphis
1088 781 1175 843 opus.

434 847 512 908 Pars
527 855 620 926 quota
633 847 817 907 Parrhasiae
831 846 919 907 labor
934 854 983 906 est
996 846 1191 908 Mareoticus
1207 848 1322 910 aulaei

478 930 599 992 Clarius
614 933 646 991 in
662 937 729 991 toto
742 929 788 991 uil
801 929 887 991 videt
901 933 978 991 orbe
993 928 1069 990 (lies.

414 1013 593 1096 oseptcuos
606 1017 727 1095 pariter
741 1014 851 1075 credas
867 1033 1031 1094 assurgere
1045 1020 1184 1093 montes,

477 1099 691 1160 Thessalicum
708 1101 833 1160 brevior
847 1098 959 1159 Pelion
974 1099 1051 1158 ossa
1064 1097 1148 1161 tulit.

435 1184 574 1243 Aethera
588 1185 633 1244 sic
647 1186 760 1260 intrat,
781 1183 890 1243 nitidis
905 1189 939 1242 ut
954 1181 1096 1242 conditus
1111 1184 1206 1242 astris

477 1264 632 1327 Inferiore
647 1273 736 1327 tonet
751 1269 834 1327 nube
853 1285 982 1327 serenus
997 1284 1075 1345 apex

434 1351 476 1411 Et
489 1352 576 1429 prius
591 1371 701 1411 arcano
716 1353 847 1413 satietur
864 1352 988 1411 numine
1003 1350 1141 1428 Phoebi,

393 1445 427 1496 lo
475 1433 638 1494 Nascentis
653 1436 746 1495 Circe
764 1455 853 1515 quarn
868 1435 954 1496 videt
972 1454 1027 1494 ora
1039 1435 1148 1514 patris.

434 1518 538 1596 Haec,
562 1519 716 1597 Auguste,
737 1525 859 1598 umen,
882 1538 960 1600 quae
975 1519 1095 1579 vertice
1108 1515 1216 1578 sidera
1228 1518 1353 1600 pulsat,

475 1601 536 1662 Par
551 1601 659 1664 domus
674 1610 723 1664 est
739 1602 843 1682 caclo,
866 1603 922 1663 sed
936 1605 1037 1663 minor
1051 1611 1101 1663 est
1115 1601 1255 1664 domiuo.

793 1737 946 1800 XXXVII.

435 1847 524 1926 Quod
539 1849 687 1911 Caietano
701 1848 825 1926 reddis,
845 1847 1067 1928 Polycharme,
1089 1845 1242 1922 tabellas,

476 1931 565 1994 Milia
578 1940 610 1994 te
627 1940 750 1995 centum
764 1953 837 1994 num
853 1934 1000 1994 tribuisse
1016 1933 1129 2013 putas?

434 2017 572 2095 „Debuit
589 2006 693 2078 haec‘i
706 2019 819 2096 inquis.
847 2016 921 2077 Tibi
931 2018 1022 2096 habe,
1032 2015 1254 2096 Polycharmo,
1269 2013 1397 2080 tabellas

475 2100 517 2160 Et
533 2102 680 2162 Caietano
695 2101 779 2160 milia
792 2099 887 2160 crede
903 2101 972 2166 duo.

791 2234 955 2297 XXXVIII.

433 2348 494 2425 Qui
507 2353 646 2428 praestat
659 2349 777 2429 pietate
790 2350 944 2428 pertimui

433 2433 569 2493 Sensuro
588 2433 668 2491 bona
681 2430 897 2508 liberalitatis,

434 2518 546 2597 Captet
559 2516 690 2577 forsitan
706 2522 758 2577 aut
773 2519 870 2579 vicem
884 2520 1037 2594 reposcat.

306 2616 309 2623 '
403 2606 405 2610 '
434 2602 476 2662 At
493 2602 519 2661 si
535 2602 604 2681 quis
620 2600 695 2662 dare
711 2603 829 2662 nomini
843 2598 956 2660 relicto

410 2686 509 2765 bl'ost
522 2704 627 2746 manes
641 2685 854 2765 tumulumque
867 2692 1059 2766 perseverat,

433 2771 563 2845 Quaerit
578 2768 669 2849 quid,
689 2771 750 2830 nisi
763 2771 887 2851 parcius
902 2766 1035 2828 dolere?

430 2854 543 2913 Refert
557 2854 599 2913 sis
614 2854 729 2930 bonus,
751 2873 787 2912 an
802 2852 880 2913 velis
895 2851 1005 2913 videri.

431 2937 576 2997 Praestas
591 2938 667 3014 hoo,
689 2936 822 3015 Melior,
845 2938 966 2997 sciente
979 2937 1075 3017 fama,

432 3021 490 3098 Qui
505 3019 708 3082 sollemnibus
722 3022 828 3081 anxius
842 3018 958 3101 sepulti

391 3106 550 3171 loNomeu
561 3125 624 3168 non
637 3105 713 3166 sinis
729 3106 862 3165 Interire
876 3104 995 3184 BlaesI,

431 3190 474 3251 m
488 3190 527 3251 de
542 3190 686 3251 munifica
700 3190 845 3270 profusus
860 3210 931 3249 arca

431 3271 480 3345 Ad
494 3275 670 3336 natalicIum
684 3275 766 3336 (IIem
783 3274 948 3336 colendum

432 3357 609 3419 Scribarum
623 3362 753 3421 memori
769 3362 901 3440 piaeque
916 3359 1026 3419 turbae

432 3441 522 3518 Quod
537 3443 648 3523 (Ionas,
668 3445 745 3505 facis
760 3446 829 3524 ipse
843 3442 1047 3503 Blaesianum.
1174 3452 1179 3460 '

390 3526 497 3587 15Hoc
510 3526 637 3608 longum
653 3530 726 3607 tihi,
747 3530 811 3589 vitu
824 3527 896 3587 dum
911 3527 1063 3606 manebit,

431 3610 500 3671 Hoc
514 3617 547 3672 et
559 3618 632 3691 post
646 3614 769 3673 clueres
784 3613 846 3673 erit
859 3612 1019 3673 tributum.

266 3763 422 4155 7

485 4250 946 4301 Q
