3434 4575
537 471 879 534 urlouammnuon
898 472 1029 538 LIBER.

673 646 810 738 ,Um

341 786 485 866 Qualiter
499 790 532 848 in
547 788 693 868 Scythica
706 787 857 868 religatus
870 807 947 869 rupe
965 788 1169 852 Prometheus

381 870 543 932 Assiduum
556 874 650 934 nimio
666 879 796 954 pectore
810 874 894 954 pavit
908 891 1010 952 avem,

339 955 428 1017 Nuda
442 954 613 1017 caledonio
628 958 673 1017 sic
687 958 806 1017 viscera
819 959 965 1037 praebuit
978 976 1051 1017 urso

381 1041 451 1100 Non
463 1038 543 1100 falsa
557 1039 697 1121 pendens
712 1043 745 1100 in
761 1059 853 1102 cruce
867 1037 1048 1103 Laureolus.

314 1124 492 1186 5Vivebant
506 1123 603 1185 laceri
621 1126 768 1185 membris
782 1123 970 1186 stillantibus
985 1130 1070 1185 artus
1104 1157 1114 1176 ο

381 1209 478 1288 loque
493 1210 575 1268 omni
587 1228 737 1288 nusquam
751 1228 883 1289 corpore
898 1229 1010 1290 corpus
1025 1214 1101 1270 erat.
1165 1270 1170 1281 ,

338 1292 481 1371 lienique
496 1290 680 1372 supplicium
695 1292 826 1375 dignum
840 1294 932 1354 tulo:
945 1293 1001 1354 ille
1011 1295 1156 1374 parentia

379 1374 442 1438 Vel
458 1373 574 1436 domini
587 1375 723 1456 iugulum
737 1375 862 1437 foderat
878 1395 953 1436 ense
967 1395 1100 1452 nocens3

339 1457 472 1541 Templa
484 1458 535 1519 rel
552 1480 663 1520 arcano
679 1459 807 1521 demens
822 1460 1010 1542 spoliaverat
1025 1479 1115 1539 auro,

297 1554 331 1607 lo
381 1541 684 1605 Subdideratsaevas
697 1543 747 1604 vel
761 1545 836 1623 tihi,
857 1545 971 1623 Roma,
993 1544 1086 1606 laces.

340 1629 468 1690 Vicerat
484 1629 627 1708 autiquae
642 1627 814 1689 sceleratus
829 1630 957 1688 crimina
971 1628 1088 1704 famae,

380 1713 415 1773 ln
426 1731 503 1792 quo,
527 1730 605 1791 quae
618 1713 722 1773 fuerat
735 1709 856 1790 fabula,
877 1731 979 1793 poena
991 1712 1061 1771 fuit.

721 1846 817 1930 un.
944 1865 948 1871 ·

340 1959 492 2039 Daedale,
509 1961 633 2023 Lucano
650 1981 718 2022 cum
733 1963 777 2021 sic
791 1961 941 2021 lacereris
957 1962 993 2020 ab
1011 1979 1102 2038 urso,

381 2046 478 2121 Quam
493 2064 624 2126 cuperes
637 2047 842 2126 pinnas-nuuc
856 2045 1001 2105 habuisse
1016 2045 1102 2105 tuas!

747 2178 799 2241 1x.

337 2293 499 2354 Praestitit
516 2296 669 2357 exhibitus
684 2303 750 2356 tota
763 2297 836 2373 tibi,
857 2296 987 2373 (laesor,
1009 2297 1125 2356 harena

380 2380 466 2455 Quae
479 2398 541 2439 non
554 2380 696 2460 promisit
709 2379 828 2461 praelia
840 2380 1032 2443 rhinoceros.

338 2460 365 2521 0
381 2481 471 2542 quam
489 2461 642 2523 terribilis
657 2466 773 2524 exarsit
781 2463 902 2544 'pronus
913 2464 947 2522 in
961 2463 1040 2523 iras!

380 2546 518 2621 Quantus
533 2554 601 2607 erat
614 2552 737 2626 taurus,
759 2549 808 2607 cui
821 2547 887 2627 pila
900 2553 1005 2611 taurus
1020 2546 1102 2607 erat!

758 2667 841 2739 X..

336 2795 486 2855 Laeserat
498 2796 620 2873 ingrato
634 2792 685 2855 leo
702 2794 842 2875 perfidus
856 2813 911 2855 ore
924 2796 1119 2874 magistrum,

379 2880 480 2938 Ausus
493 2884 556 2938 tam
570 2884 660 2939 notas
675 2884 889 2939 contemerare
905 2898 1027 2957 manus,

337 2961 400 3022 Sed
416 2960 523 3040 dignas
539 2968 625 3022 tanto
642 2960 794 3043 persolvit
809 2964 938 3023 crimine
952 2980 1085 3044 poenas,

376 3047 418 3106 Et
433 3047 485 3125 qui
499 3065 561 3106 non
576 3044 693 3106 tulerat
708 3047 855 3124 verbera,
878 3045 941 3107 tela
954 3045 1037 3108 tulit.

313 3130 421 3205 ὅριοι
436 3127 529 3189 decet
545 3148 615 3190 esse
629 3130 786 3192 hominum
801 3129 859 3190 tali
873 3133 928 3190 suh
943 3132 1085 3213 principe
1100 3147 1232 3207 mores,·
1302 3149 1313 3166 ·

378 3213 438 3289 Qui
454 3213 542 3274 iubet
555 3215 712 3293 ingenium
726 3216 830 3275 mitius
845 3233 915 3300 esse
930 3216 1021 3274 ieris!
1086 3244 1089 3250 ·
1142 3289 1146 3294 ῃ

746 3348 797 3409 ΧΙ.

318 3433 322 3440 ¹
337 3459 493 3540 Praeceps
508 3462 674 3540 sanguinea
690 3461 762 3521 dum
777 3480 811 3521 se
825 3466 910 3522 rotat
923 3479 1012 3521 ursus
1026 3460 1158 3541 harena,

377 3542 558 3623 Implicitam
571 3547 654 3605 visco
670 3544 810 3626 perdidit
822 3544 880 3604 ille
893 3545 1004 3624 fugam.

335 3624 507 3707 Splendida
520 3630 581 3689 iam
595 3634 678 3689 tecto
695 3636 819 3691 cessent
831 3626 983 3690 venabula
995 3628 1102 3707 ferro,

377 3710 443 3771 Nec
456 3712 541 3773 volet
554 3729 680 3774 excussa
692 3711 801 3792 lancea
813 3719 898 3775 torta
910 3731 1017 3789 manu3
1042 3775 1084 3856 1,*

1277 475 1300 540 3
