3434 4575
775 501 811 548 Ι).
834 500 905 549 tun.
928 499 1114 548 munnulus

767 737 999 801 SATIRA
1024 737 1102 800 XII.

441 853 558 954 Natali,
586 880 728 955 Corvino,
754 881 801 940 die
823 881 889 941 mibi
914 882 1027 943 dulcior
1052 883 1125 942 base
1151 882 1211 959 lun,

442 971 505 1045 Qua
528 966 620 1027 festus
644 968 786 1044 promissa
810 965 873 1025 deis
896 967 1027 1028 animalia
1050 986 1156 1045 cespes

441 1054 614 1132 Exspectat.
647 1047 766 1111 Niveam
790 1052 910 1128 reginae
934 1053 1064 1112 ducimus
1085 1070 1198 1128 agnam,

442 1141 496 1201 l'ar
517 1136 613 1196 vellus
636 1134 751 1195 dabitur
772 1138 910 1213 pugnanti
932 1135 1069 1213 Gorgone
1090 1135 1204 1195 Maura:

441 1224 500 1285 Sed
522 1221 627 1299 proeul
649 1221 800 1281 extensum
826 1220 960 1297 petulans
984 1222 1073 1299 quatit
1095 1220 1187 1278 hostia
1210 1220 1305 1279 funem
1413 1234 1428 1282 5

440 1307 568 1385 Tarpeio
590 1314 705 1365 serrata
730 1303 793 1365 lovi
818 1302 1002 1383 frontemque
1025 1313 1172 1379 coruscat,
1274 1325 1277 1329 ·

442 1393 560 1469 Quippe
584 1389 669 1450 ferox
692 1389 817 1464 vitulus,
848 1389 963 1468 templis
987 1398 1114 1448 maturus
1138 1398 1167 1448 et
1192 1408 1261 1449 arae

441 1474 691 1555 spargendusque
717 1490 816 1549 mero,
840 1491 926 1553 quem
949 1474 1002 1533 iam
1026 1472 1117 1552 pudet
1137 1472 1228 1533 ubera
1252 1479 1348 1533 matris

441 1559 576 1631 Ducere,
603 1559 759 1636 quiverat
781 1561 913 1618 nascenti
936 1557 1043 1618 robora
1066 1574 1164 1616 eornu.

440 1645 471 1705 si
495 1661 543 1703 res
567 1642 661 1719 ampla
686 1641 761 1702 domi
783 1642 943 1721 similisque
967 1642 1119 1702 affectibus
1143 1652 1232 1719 esset,
1343 1642 1346 1646 ’
1399 1657 1426 1706 ιο

442 1728 578 1805 Pinguior
600 1725 731 1805 Hispulla
754 1726 919 1787 traheretur
940 1737 1039 1787 taurus
1063 1736 1092 1786 et
1116 1728 1179 1805 ipsa

439 1812 519 1873 llole
542 1812 628 1890 piger
649 1829 705 1872 nee
727 1811 842 1872 finitima
866 1812 986 1873 nutritus
1009 1812 1036 1870 in
1059 1810 1160 1885 berba,

440 1898 528 1958 Laeta
551 1894 604 1957 sed
628 1896 786 1956 ostendens
810 1893 945 1957 Clitumni
968 1914 1077 1974 paseua
1104 1896 1221 1972 sanguis

441 1982 500 2042 lret
522 1989 552 2041 et
574 1999 589 2039 a
612 1980 714 2058 grandi
738 1981 839 2041 eervix
862 1981 993 2041 ferienda
1018 1980 1158 2054 ministro,

441 2065 486 2126 Ob
508 2065 631 2125 reditum
654 2064 824 2142 trepidantis
848 2064 941 2125 adbuc
963 2064 1164 2142 horrendaque
1187 2066 1266 2142 passi
1399 2081 1428 2129 ιε)

442 2150 542 2228 Nuper
564 2158 593 2208 et
616 2147 789 2208 ineolumem
812 2166 881 2208 sese
903 2150 1030 2208 mirantis
1052 2149 1144 2207 amiel.

440 2233 512 2295 Nam
535 2241 653 2313 praeter
677 2231 776 2312 pelagi
799 2249 885 2293 easus
909 2242 938 2293 et
962 2232 1085 2293 fulminis
1108 2232 1181 2293 ictus

441 2320 557 2380 Evasit:
592 2317 701 2377 densae
725 2315 839 2377 eoelum
864 2317 1046 2378 abscondere
1074 2317 1213 2378 tenebrae

440 2402 524 2462 Nube
550 2420 605 2462 una
632 2401 803 2481 subitusque
827 2411 976 2461 antemnas
998 2402 1111 2481 impulit
1133 2403 1218 2480 igmis,

443 2487 535 2561 Quum
558 2504 591 2545 se
615 2487 738 2564 quisque
761 2486 812 2546 illo
835 2505 1006 2565 percussum
1030 2486 1165 2547 erederet
1192 2497 1221 2548 et
1242 2506 1308 2545 mox
1395 2505 1429 2553 uo

443 2572 588 2630 Attonitus
614 2570 720 2629 nullum
744 2570 872 2632 conferri
894 2589 984 2650 posse
1010 2582 1123 2650 putaret

441 2652 626 2731 Naufragium
650 2654 724 2713 velis
747 2656 924 2715 ardentibus.
960 2654 1059 2715 Omnia
1085 2657 1152 2715 luunt

440 2737 539 2815 Talia,
563 2747 619 2797 tam
642 2741 787 2816 graviter,
810 2741 835 2801 si
857 2742 972 2820 quando
992 2742 1109 2818 poetica
1132 2743 1223 2818 surgit

440 2821 625 2902 Tempestas.
660 2821 757 2882 Genus
779 2842 851 2885 eeoe
874 2825 951 2885 aliud
975 2824 1145 2885 discriminis
1168 2826 1233 2885 audi

443 2906 478 2967 Et
501 2908 642 2967 miserere
664 2908 781 2983 iterum,
806 2928 977 2988 quamquam
1001 2910 1055 2969 sint
1080 2918 1178 2969 cetera
1202 2912 1290 2969 sortis
1395 2927 1428 2976 25

444 2991 579 3052 Eiusdem
603 3008 671 3069 pars
693 2992 754 3051 dira
776 2994 912 3071 quidem,
936 2994 988 3053 sed
1014 2995 1130 3071 cognita
1155 2994 1249 3054 multis

335 3110 338 3116 ·
443 3076 478 3137 ut
501 3093 583 3155 quam
607 3075 704 3135 votiva
729 3085 869 3136 testantur
891 3077 955 3137 lana
981 3078 1090 3137 tabella

443 3160 582 3225 Plurima:
605 3161 734 3238 pictores
757 3161 820 3239 quis
843 3162 937 3220 nescit
960 3161 996 3220 ab
1019 3161 1095 3221 lside
1121 3162 1223 3239 pasei'l

443 3244 557 3305 lleeidit
583 3252 611 3303 et
633 3253 733 3303 nostro
758 3246 858 3304 similis
884 3244 996 3303 fortuna
1020 3242 1143 3306 Catullo.

442 3328 534 3402 Quum
558 3328 660 3407 plenus
683 3327 769 3389 ductu
792 3329 903 3388 medius
922 3330 1000 3388 foret
1021 3329 1120 3388 alveus
1145 3341 1174 3390 et
1194 3333 1259 3403 iam,
1395 3346 1429 3398 30

445 3413 592 3473 Alternum
616 3414 721 3492 puppis
745 3412 820 3473 latus
846 3413 1045 3473 evertentibus
1071 3414 1153 3473 undis

444 3497 566 3557 Arboris
588 3498 734 3573 ineertae,
756 3496 862 3556 nullam
887 3497 1037 3576 prudentia
1061 3500 1123 3557 cani

443 3579 577 3642 lleetorr‘s
600 3582 748 3642 conterret
769 3598 871 3660 opem,
896 3581 1034 3642 deeidere
1057 3583 1131 3641 iaetu

443 3661 549 3744 Coepit
572 3684 634 3725 eum
657 3668 767 3740 ventis,
791 3667 915 3725 imitatus
940 3675 1072 3738 castora,
1100 3668 1148 3746 qui
1171 3687 1204 3727 se

444 3748 609 3809 Eunuebum
633 3752 696 3825 ipse
720 3750 805 3825 fauit,
832 3752 952 3826 cupiens
976 3752 1103 3810 evadere
1126 3752 1228 3811 damno
1300 3760 1302 3764 '
1392 3765 1428 3818 as
