3434 4575
598 462 937 537 EPIGRAMMATON
952 465 1027 524 LlB.
1042 463 1079 525 X.
1178 545 1182 552 .
1302 464 1365 529 2³5

788 614 899 676 XXXI.

406 714 534 776 Addixti
549 733 669 775 serrum
682 715 813 774 nummis
827 713 905 772 here
920 710 1007 772 mille
1024 710 1183 789 ducentis,

447 800 491 859 Ut
505 800 586 859 bene
602 817 747 876 conarer,
769 794 967 872 Calliodore,
988 793 1095 855 semel.

404 882 470 942 Nec
484 883 566 942 bene
580 883 713 942 oenasti:
733 879 844 941 mullus
860 880 918 939 tibi
933 886 1078 958 quattuor
1098 884 1218 959 emptus

446 966 609 1026 Librarum
624 984 719 1025 cenae
733 982 844 1044 pompa
859 970 1012 1042 caputque
1027 963 1096 1026 fuit.

382 1048 585 1112 §Exclamare
599 1048 692 1109 libet:
714 1049 805 1126 „Non
819 1053 869 1106 est
881 1048 949 1123 hic,
970 1048 1127 1125 improbe,
1148 1065 1211 1105 non
1225 1051 1274 1107 est

446 1133 562 1192 Piscis:
583 1136 675 1193 homo
694 1138 759 1206 est3
781 1131 955 1208 hominem,
978 1127 1175 1208 Calliodore,
1198 1129 1334 1195 comes.“

781 1263 904 1324 XXXII.

404 1362 491 1422 Haeo
505 1363 581 1421 mihi
597 1380 675 1440 quae
689 1359 803 1421 colitur
816 1360 906 1420 violis
920 1362 1041 1439 pictura
1055 1361 1211 1440 rosisque,

447 1446 531 1521 Quos
545 1446 665 1505 referat
676 1444 795 1522 voltus,
819 1444 1022 1522 Caedicium,
1035 1444 1156 1522 rogas?

405 1528 491 1589 Talis
506 1536 575 1588 erat
588 1529 713 1588 Murcus
728 1527 839 1589 mediis
853 1528 1007 1588 Antonius
1021 1530 1109 1588 annis

445 1612 582 1673 Primus:
603 1614 636 1670 in
649 1613 709 1672 hoc
722 1614 865 1673 invenem
880 1630 914 1671 se
928 1611 1015 1671 videt
1030 1631 1085 1672 ore
1100 1630 1204 1673 senex.

382 1697 466 1756 5Ars
481 1697 597 1756 utinam
612 1714 715 1764 mores
729 1696 924 1774 animumque
940 1696 1092 1773 effingere
1105 1696 1227 1775 posset!

446 1778 612 1839 Pulchrior
627 1781 659 1839 in
674 1781 770 1840 terris
784 1777 870 1838 nulla
885 1777 1002 1838 tubelle
1014 1780 1108 1842 foret.

405 2008 582 2088 Simplicior
594 2010 722 2089 priscis,
742 1911 988 2088 Mddaldldialle,
1012 2010 1150 2088 Sabinis,

447 2093 632 2172 Cecropium
649 2113 775 2174 superas
790 2096 843 2174 qui
855 2097 995 2155 bonitate
1010 2114 1134 2174 senem,

403 2175 455 2234 Sic
470 2176 527 2235 tibi
543 2180 704 2242 consoceri
719 2177 818 2238 claros
834 2180 974 2238 retinere
989 2185 1119 2259 penates

444 2259 602 2340 Perpetua
616 2268 707 2322 natae
722 2260 778 2322 dot
789 2263 858 2324 face
874 2270 958 2324 casta
973 2262 1097 2327 Venus:

380 2344 447 2403 5Ut
460 2353 510 2420 tu,
532 2346 559 2403 si
570 2345 663 2404 viridi
678 2347 792 2406 tinctos
807 2349 955 2426 aerugine
968 2366 1076 2408 versus

445 2427 542 2484 Forte
559 2426 655 2485 malus
669 2427 750 2486 livor
765 2429 881 2489 dixerit
895 2449 965 2491 esse
979 2450 1081 2509 meos,

403 2508 447 2567 Ut
460 2507 553 2585 facis,
575 2528 592 2566 a
606 2510 695 2573 nobis
709 2511 828 2588 abigas,
848 2531 908 2572 nec
923 2515 1078 2592 stringere
1094 2533 1267 2594 quenquam

447 2589 537 2650 Talia
554 2591 723 2651 contendas
739 2595 890 2672 carmina,
912 2597 965 2673 qui
976 2596 1099 2674 legitur.

404 2674 494 2734 Hunc
510 2692 634 2734 servare
649 2675 773 2736 modum
786 2678 886 2737 nostri
900 2696 1015 2738 novere
1028 2679 1147 2758 libelli,

362 2769 397 2819 lo
442 2758 578 2819 Parcere
592 2760 753 2840 personis,
775 2759 883 2820 dicere
899 2759 1045 2824 devitiis.

768 2871 908 2935 XXXIV.

405 2968 444 3027 Di
460 2970 519 3029 tibi
534 2967 610 3029 dent
626 2968 792 3049 quidquid,
815 2971 931 3030 Caesar
948 2969 1099 3052 Traiane,
1120 2974 1252 3034 mereris

442 3053 486 3112 nt
498 3060 566 3113 rata
579 3060 732 3134 perpetuo
748 3072 826 3133 quae
840 3055 981 3113 tribuere
994 3057 1100 3118 velint.

404 3135 461 3195 cai
476 3155 530 3195 sua
542 3138 682 3197 restituis
698 3138 829 3218 spoliato
847 3138 915 3197 iura
927 3144 1075 3221 patrono,

444 3218 581 3280 Liberti·
596 3219 668 3280 exul
683 3241 744 3281 nou
761 3222 823 3282 erit
835 3220 890 3282 ille
899 3222 980 3284 suis.

285 3371 287 3377 y
382 3300 522 3378 5Dignns
536 3320 587 3380 es,
607 3311 642 3363 nt
654 3307 755 3384 possis
769 3311 870 3364 totum
884 3323 1009 3366 servare
1022 3308 1182 3369 clientem:

444 3384 488 3446 Ut
503 3383 652 3450 -liceat
666 3394 783 3449 tantum
796 3407 872 3448 vera
885 3390 1019 3469 probare
1034 3424 1078 3440 -a
1090 3399 1191 3473 potes.

778 3524 906 3589 XXXV.

403 3616 518 3677 Omnes
533 3615 698 3699 Sulpiciam
710 3620 816 3700 legant
828 3622 970 3705 puellae,

402 3699 464 3761 Uni
479 3720 558 3781 qnae
573 3702 701 3784 cupiunt
713 3707 780 3766 viro
795 3706 940 3788 placere;
