3434 4575
612 895 659 971 u.
679 895 786 970 vnn.
809 895 1066 971 nummus

526 1066 1157 1202 urrunnnnnuun

725 1248 949 1311 LIBERXI.

830 1435 851 1494 1.

407 1552 474 1628 Quo
491 1557 540 1628 tu,
564 1568 641 1629 quo,
663 1546 746 1608 liber
760 1549 878 1625 otiose,
898 1548 1001 1609 tendis

405 1633 516 1694 Cultus
532 1633 640 1693 sidone
654 1651 717 1692 nun
732 1630 907 1691 cotidiana?

405 1716 557 1795 Numquid
571 1718 772 1792 Parthenium
787 1714 920 1775 videre?
946 1716 1050 1778 Certe.

407 1801 508 1862 Vadas
524 1807 556 1860 et
569 1798 679 1861 redeas
693 1799 875 1860 inevolntns.

383 1884 517 1945 5Libros
531 1903 592 1943 non
606 1883 685 1963 legit
698 1882 769 1961 ille,
792 1882 849 1944 sed
862 1883 1004 1960 libellos;

404 1968 469 2027 Nec
485 1970 583 2029 Musis
598 1973 700 2046 vucut,
722 1974 774 2028 unt
788 1968 851 2027 suis
867 1973 999 2030 vacaret.

403 2052 525 2131 Ecquid
540 2059 572 2112 te
587 2053 661 2113 sutis
676 2053 818 2111 aestimas
832 2054 972 2130 beatum,

405 2137 596 2216 Contingunt
609 2137 667 2197 tibi
682 2137 709 2195 si
723 2156 828 2195 munus
845 2137 1003 2196 minores?

404 2220 506 2280 Vicini
524 2227 597 2300 pete
611 2221 764 2300 porticum
781 2221 917 2297 Quirini:

362 2303 539 2364 lOTurbum
555 2305 723 2363 nonhabet
737 2305 916 2364 otiosiorem

405 2385 569 2464 Pompeius
584 2383 635 2443 vel
648 2386 800 2462 Agenoris
814 2387 933 2464 puella,

405 2466 467 2528 Vel
483 2468 600 2547 primae
620 2466 759 2526 domiuus
772 2465 851 2527 levis
868 2472 1000 2532 carinae.

406 2551 483 2611 Sunt
496 2548 562 2610 illic
578 2549 638 2609 duc
653 2555 772 2629 tresve,
795 2551 847 2629 qui
861 2550 1019 2612 revolvunt

403 2635 584 2695 Nostrarum
602 2635 702 2693 tineus
716 2634 918 2712 ineptiarum,

365 2729 397 2780 15
405 2717 467 2778 Sed
483 2739 549 2778 cum
566 2719 690 2799 sponsio
704 2716 890 2795 fabulaeque
907 2717 1006 2777 lassae

406 2803 451 2862 ne
468 2803 585 2884 Scorpo
599 2803 718 2861 fuerint
731 2808 765 2861 et
778 2802 915 2861 incitato.

813 2935 849 2997 fl.

406 3048 512 3109 Triste
528 3047 727 3128 supercilium
741 3048 874 3130 durique
889 3069 997 3111 severa
1011 3050 1137 3112 Catonis
1177 3084 1183 3093 ·

445 3132 546 3193 Frons
561 3139 595 3193 et
607 3134 738 3194 uretorIs
751 3133 815 3193 tilis
829 3134 982 3213 Fabricii,

404 3215 446 3275 Et
459 3218 617 3295 personati
630 3217 727 3278 fustus
742 3223 776 3278 et
793 3217 900 3297 regula
913 3237 1031 3278 morum

449 3298 607 3379 Quidquid
621 3303 698 3360 etin
714 3303 853 3362 tenebris
870 3321 933 3361 non
950 3320 1069 3379 sumus,
1090 3301 1136 3362 ite
1150 3300 1247 3362 iures.

383 3381 550 3444 sclumant
563 3401 638 3444 ecce
654 3385 715 3444 mei
729 3386 836 3463 „Bona
851 3384 1045 3446 Saturnaliu“
1061 3402 1184 3444 versus:

446 3467 487 3526 Et
499 3466 576 3527 licet
589 3473 622 3527 et
637 3469 692 3528 sub
708 3472 741 3527 te
755 3469 915 3548 praeside,
936 3468 1053 3547 Nerva,
1074 3465 1163 3530 libet.

403 3550 555 3611 Lectores
570 3550 674 3612 tetrici
688 3549 879 3613 sulebrusmu
894 3551 1024 3613 ediscite
1040 3552 1199 3612 Santram:

443 3633 496 3696 Nil
512 3635 586 3694 mihi
601 3636 756 3696 vobiscum
772 3643 834 3698 est:
856 3639 916 3697 iste
931 3636 1013 3699 liber
1031 3652 1115 3697 meus
1129 3641 1184 3696 est
