3434 4575
442 437 506 501 ³20
622 390 1324 507 oi.vlo.MAoT1lL1soo1oo.L.xn1.

818 641 924 701 CXXI.
948 643 1120 723 Peligmcm.

527 751 662 812 Marsica
679 749 802 829 Peligni
816 750 941 810 mittunt
955 754 1078 812 turbata
1092 752 1218 816 coloni:

569 835 638 896 Non
654 841 703 913 tu,
725 835 857 895 libertus
875 834 931 894 sed
945 836 1032 895 bibat
1044 835 1100 896 Illa
1113 843 1200 899 tuus.

821 968 940 1029 cxxll.
964 969 1110 1030 Acetum.
1160 991 1163 995 ·

527 1069 683 1149 Amphora
698 1068 810 1128 Niliaci
825 1086 887 1126 non
907 1068 948 1126 sit
961 1068 1019 1126 tibi
1033 1066 1103 1128 vilis
1121 1073 1225 1131 aceti:

568 1153 661 1214 Esset
675 1173 742 1213 oum
756 1152 875 1229 vinum,
896 1149 986 1210 vilior
1000 1148 1055 1211 illa
1069 1151 1136 1212 fuit.

766 1285 897 1346 CXXIII.
923 1283 1166 1346 Massilitanum.

528 1387 605 1446 Cum
620 1392 672 1445 tua
690 1390 838 1444 centenos
854 1391 1011 1463 expunget
1026 1382 1168 1463 sportula
1184 1388 1300 1468 πίνοι,

569 1471 684 1529 Fumea
699 1467 859 1528 Massiliae
873 1486 992 1546 ponere
1009 1468 1079 1527 vino
1092 1474 1196 1548 poteo.

776 1600 910 1683 cxxlv.
937 1598 1154 1660 Caeretanum.

528 1700 701 1760 Caeretano
715 1698 820 1778 Nepos
836 1702 946 1777 ponat,
965 1697 1072 1756 Setino
1086 1700 1224 1777 putabis.

569 1783 638 1843 Non
653 1784 741 1862 ponit
756 1784 883 1859 turbae,
906 1801 972 1840 oum
988 1782 1087 1841 tribus
1101 1780 1156 1841 illa
1172 1785 1273 1847 bibit.

784 1914 907 1977 CXXV.
936 1915 1149 1976 Tarentinum.

529 2015 648 2077 Nobilis
663 2021 695 2074 et
709 2012 789 2074 lonis
805 2019 837 2073 et
854 2011 932 2072 felix
946 2014 1059 2072 vilibus
1076 2011 1179 2072 Aulon

571 2100 632 2159 oet
646 2100 783 2179 pretiosa
797 2097 856 2156 tibi
871 2094 1006 2173 vellera,
1026 2098 1096 2156 vlno
1109 2098 1197 2157 thi.

773 2230 907 2292 cxxvi
938 2228 1150 2313 Unguentum.
1278 2267 1281 2272 ·

526 2329 724 2406 Unguentum
738 2326 850 2387 heredi
867 2347 1021 2408 nunquam
1036 2348 1094 2389 noc
1108 2330 1179 2389 vino
1194 2331 1388 2418 relinquas.

572 2411 629 2472 Ille
645 2413 759 2472 habeat
773 2431 934 2492 nummos‚·
946 2416 1024 2473 haec
1038 2415 1095 2473 libi
1110 2418 1178 2472 toto
1195 2414 1289 2480 doto.

759 2546 906 2609 CXXVII.
933 2547 1056 2608 Corona
1071 2567 1171 2609 roseo.

527 2644 587 2704 Dat
601 2644 778 2723 festinatos,
801 2646 933 2724 Caesar,
951 2647 1008 2706 tibi
1023 2648 1129 2706 bruma
1148 2667 1310 2716 coronas:
1345 2720 1348 2725 ,

569 2729 613 2792 Ut
628 2729 781 2807 quondam
795 2730 896 2811 veris,
911 2749 992 2790 nuno
1006 2735 1055 2789 tuo
1072 2730 1153 2790 facta
1170 2752 1250 2796 rosa
1266 2753 1338 2802 eut.

1480 2494 1482 2557 I

875 2993 1064 3005 m
