3434 4575
367 480 426 526 xvl
750 479 960 526 PRAEFATIO.

362 641 532 698 quemcunque
548 623 659 679 nobilem
674 624 779 680 volucis
797 625 922 680 revolvens
938 625 968 681 ad
978 625 1138 682 bumilitatem
1155 641 1312 698 perseumms
1323 632 1353 685 sia

363 711 596 778 (1.169-175).
630 707 704 764 Nouo
721 711 794 763 satira
811 711 834 763 in
853 709 969 780 colloquii
988 710 1091 766 lormam
1110 711 1226 782 disposita
1243 721 1294 776 est.
1314 715 1354 769 ubi

362 794 484 850 Naeuolus
503 793 642 850 alurenale
659 801 758 865 propter
770 795 892 849 tristitiam
913 803 938 848 et
951 795 1089 867 squalorem
1106 796 1271 868 interpellatus
1289 798 1350 864 (1.1

365 908 401 919 -
414 882 463 942 26)
474 877 611 934 mdiorum
624 878 779 933 cinaedomm
790 880 913 934 auaritiam
925 879 1051 944 invehitur,
1065 881 1106 952 qui
1115 880 1210 938 miseris
1220 882 1355 945 clientibus.

363 981 424 1037 qnos
442 963 472 1018 ad
489 963 619 1018 muliebres
630 963 766 1032 voluptates
778 964 909 1034 explendas
920 963 1095 1028 conduxerint.
1112 980 1144 1018 ne
1154 967 1291 1023 mercedem
1305 969 1354 1038 qui-

363 1050 417 1104 dem
429 1047 536 1104 debitam
547 1049 641 1103 soluere
651 1048 784 1118 dignentur
795 1049 832 1113 (v.
847 1049 883 1105 at
891 1074 927 1087 ·-
937 1050 1017 1117 101),
1029 1055 1100 1118 poeta
1111 1063 1168 1104 vero
1179 1051 1286 1106 vicissim
1298 1053 1354 1107 isto-

363 1149 417 1189 rum
428 1134 555 1188 bominum
571 1133 746 1203 turpitudinem
757 1141 830 1204 atque
843 1131 1017 1202 impudentiam
1029 1133 1148 1204 castigat.
1166 1137 1206 1205 qui
1218 1136 1273 1190 talis
1285 1153 1355 1208 quae

362 1225 415 1274 stus
433 1218 556 1273 infamiam
574 1218 639 1272 sicea
659 1218 738 1272 ironte
762 1216 920 1287 producantur
937 1217 973 1282 (v.
992 1219 1088 1273 rub—
1099 1221 1178 1286 150):
1196 1235 1257 1290 quae
1275 1231 1356 1276 tameo

363 1303 444 1358 omnia
451 1303 512 1358 licet
518 1302 619 1357 mndem
626 1301 656 1356 ad
662 1301 853 1372 indignationem
859 1301 1001 1372 dirigantur,
1008 1317 1078 1371 quam
1087 1303 1309 1360 ceteraeluvenalis
1319 1322 1357 1360 sa·

366 1388 427 1443 tirae
434 1387 536 1458 spirant,
543 1385 604 1440 baec
610 1386 676 1441 velut
686 1385 833 1458 contagione
839 1386 928 1440 inlecta
934 1385 1072 1457 argumenti
1078 1385 1163 1440 sordes
1169 1394 1235 1444 tanta
1242 1389 1356 1445 orationis

364 1472 517 1527 obscenitate
534 1479 620 1542 aequat
630 1469 808 1542 verbommque
822 1469 957 1524 nuditatem
968 1477 1018 1524 tam
1035 1469 1149 1525 tenuibus
1165 1471 1224 1526 artis
1234 1472 1356 1529 coloribru

361 1556 440 1620 relat,
460 1563 488 1610 ut
498 1554 672 1609 aceuratiorem
682 1555 858 1610 enarrationem
869 1569 916 1608 uon
928 1554 1006 1624 pudor
1016 1553 1096 1626 magis
1106 1570 1178 1625 quam
1189 1556 1241 1627 ipsa
1251 1565 1354 1613 oecono-

365 1641 428 1694 miae
438 1639 531 1695 ruditas
541 1638 663 1694 excludat.

449 1723 528 1779 llulto
544 1732 569 1778 et
586 1723 679 1796 gratior
698 1734 724 1778 et
743 1724 838 1779 doctior
853 1723 936 1797 quarti
952 1722 1007 1778 libri
1021 1724 1137 1780 severitas
1147 1731 1197 1790 est,
1211 1725 1252 1782 ubi
1263 1727 1353 1782 mue

362 1810 435 1865 satira
446 1809 598 1864 decantatam
609 1809 635 1863 in
645 1807 845 1879 pbilosopbomm
854 1807 922 1863 libris
933 1816 1045 1863 uotomm
1057 1808 1217 1866 humanorum
1224 1811 1353 1866 vanitatem

363 1895 438 1967 longa
449 1894 616 1964 exemplorum
627 1893 690 1948 serie
699 1893 731 1948 ita
745 1891 864 1956 illustrat,
876 1901 903 1947 ut
914 1893 1010 1947 easdem
1021 1909 1067 1957 res,
1079 1910 1141 1965 quae
1148 1894 1223 1967 vulgo
1234 1894 1353 1951 bonorum

362 1993 457 2034 summa
468 1977 616 2042 habeantur,
634 1978 752 2049 ancipites
766 1978 872 2049 ipmque
890 1977 1029 2047 optantibus
1047 1979 1256 2048 peruiciosasease
1266 1979 1350 2034 doceat

364 2070 399 2129 tv.
413 2070 426 2122 1
438 2067 551 2133 —11):
567 2063 631 2136 quod
643 2070 770 2134 postquam
780 2060 886 2132 primum
896 2061 1030 2116 divitiarum
1048 2069 1191 2134 argumento
1202 2061 1348 2116 adumbravit

364 2152 400 2214 (v.
413 2151 567 2217 11-17),
586 2148 677 2218 priseae
688 2145 820 2201 democriti
836 2150 863 2198 et
873 2143 986 2200 Heracliti
997 2148 1152 2203 auctoritates
1167 2151 1253 2201 testata
1265 2145 1301 2211 (r.
1315 2151 1349 2204 28

367 2261 401 2271 -
411 2236 459 2301 55)
478 2231 584 2304 quinque
602 2231 707 2285 maxime
717 2236 830 2285 votorum
840 2243 946 2302 genera,
960 2246 1009 2303 quo
1024 2231 1096 2289 altius
1106 2237 1246 2304 assurgant,
1257 2243 1348 2285 eoma-

364 2320 414 2373 iora
428 2318 539 2372 lortuuae
550 2316 651 2371 ludibria
663 2316 802 2386 permittere
812 2314 976 2381 demonstrat,
989 2317 1121 2386 potentiam
1133 2317 1168 2384 (v.
1180 2319 1346 2382 56-118),

364 2401 525 2473 eloquentiam
538 2401 574 2466 (v.
588 2405 640 2459 114
649 2428 684 2439 -
693 2403 775 2468 131),
786 2397 844 2454 belli
855 2399 960 2471 gloriam
971 2401 1008 2465 (v.
1020 2406 1072 2460 133
1082 2403 1200 2469 -187).
1212 2399 1347 2456 utamlon-

365 2503 422 2557 gam
433 2487 469 2552 (r.
483 2489 536 2545 188
543 2512 580 2524 -
588 2488 663 2554 188),
676 2484 880 2555 pulchritudinem
892 2484 928 2549 (u.
942 2488 994 2543 189
1003 2512 1038 2523 ·-
1048 2488 1129 2554 345);
1147 2485 1251 2557 denique
1260 2484 1282 2539 si
1292 2484 1347 2556 quid

364 2571 455 2626 bomini
472 2569 605 2640 optandum
622 2566 676 2624 osse
685 2569 807 2633 videatm,
823 2568 901 2623 solam
910 2569 1062 2639 prudentiam
1073 2569 1197 2640 relinquit,
1213 2584 1287 2641 quam
1298 2569 1348 2638 ipse

363 2655 408 2710 sibi
420 2654 478 2710 dare
486 2654 564 2725 pomi
575 2654 611 2720 (v.
622 2656 793 2721 sau—366).
813 2651 958 2709 Undecimus
967 2667 1064 2725 quoque
1073 2655 1161 2709 satirae
1170 2660 1253 2716 tenor,
1264 2668 1347 2725 quam·

364 2741 400 2794 vis
414 2739 513 2810 propius
523 2739 553 2795 ad
568 2740 642 2794 vitam
653 2738 816 2810 quotidianam
827 2738 938 2802 accedat,
951 2753 981 2793 eo
992 2746 1097 2793 tamena
1107 2736 1271 2807 superioribus
1281 2736 1348 2792 libris

364 2823 534 2896 distinguntur,
551 2823 616 2895 quod
627 2838 683 2877 eum
694 2823 764 2878 solita
775 2837 941 2892 perversorum
951 2822 1087 2877 studiomm
1097 2820 1207 2877 irrisione
1219 2821 1347 2875 iucundam

364 2924 436 2963 sanae
445 2923 475 2962 ao
483 2908 578 2963 sobriae
589 2910 652 2962 vitae
662 2907 794 2979 imaginem
807 2907 935 2979 coniungit
949 2906 1106 2976 Persieoque,
1117 2917 1189 2975 quem
1203 2903 1347 2974 Megalesio·

366 3008 419 3048 rum
429 2992 470 3047 die
480 2992 542 3047 lesu
552 2993 582 3047 ad
596 2993 710 3047 rusticam
721 3006 821 3046 coenam
833 2993 927 3054 inuitat.
946 2997 1001 3061 post
1010 2989 1108 3044 brevem
1118 2987 1301 3058 intempestivae
1312 2988 1349 3043 lu·

367 3078 448 3132 suriae
458 3076 668 3147 reprehensionem
679 3083 715 3142 tr.
730 3086 744 3134 1
756 3106 789 3115 -
799 3083 847 3146 ὁὸ)
861 3078 979 3148 ingenuae
989 3071 1135 3145 frugalitatis
1144 3072 1283 3143 exemplum
1294 3088 1348 3141 pro·

367 3163 445 3231 ponit.
464 3176 584 3232 quocum
602 3170 717 3231 perpetua
740 3162 893 3232 antiquorum
917 3174 1012 3216 morum
1034 3157 1213 3228 comparatione
1228 3156 1349 3227 descripto

366 3247 402 3311 (v.
413 3251 493 3305 56-
507 3249 571 3312 161)
588 3245 633 3299 sub
644 3244 716 3300 duem
727 3243 826 3300 demum
843 3245 873 3300 ad
889 3245 1025 3315 voluptates
1042 3242 1177 3315 aequalium
1197 3240 1235 3305 (v.
1250 3245 1301 3299 162
1312 3269 1347 3279 -

369 3335 432 3398 180)
443 3344 563 3402 vanasque
573 3344 643 3384 ouras
653 3330 729 3396 redit,
741 3346 801 3401 quas
811 3331 916 3385 anticum
927 3328 990 3398 apud
999 3342 1026 3383 se
1036 3328 1157 3398 deponere
1167 3325 1234 3381 iubet
1249 3327 1286 3393 (v.
1300 3330 1346 3384 181

369 3419 495 3485 -208);
513 3414 645 3486 similisque
662 3414 812 3470 mcum
830 3415 936 3469 conditio
949 3422 998 3474 est.
1017 3413 1086 3467 euius
1097 3426 1172 3484 mum
1182 3411 1285 3481 plurima
1296 3424 1351 3479 pars

367 3501 390 3553 in
401 3500 553 3570 tempestatis
564 3500 669 3555 marinae
680 3499 841 3570 descriptione
856 3505 974 3560 versetur.
993 3495 1058 3552 unde
1068 3495 1190 3551 familiaris
1208 3502 1295 3566 poetae
1305 3494 1351 3549 Ga·

368 3583 442 3637 tullus
452 3584 493 3638 via
503 3600 589 3654 sospes
598 3584 693 3639 redierit
705 3588 741 3650 (v.
759 3591 789 3641 15
799 3612 833 3622 -
843 3588 900 3651 82),
911 3581 998 3637 satirae
1008 3580 1100 3636 indoles
1112 3582 1135 3635 in
1147 3582 1177 3635 iis
1187 3587 1282 3635 tanturm
1292 3578 1349 3632 locis

369 3668 488 3733 cernitur,
505 3669 547 3723 ubi
563 3669 679 3724 luvenalis
695 3669 853 3724 voluntariam
865 3666 936 3721 amisi
947 3667 1063 3721 iacturam
1075 3664 1177 3720 aliorum
1187 3664 1298 3720 avaritiae
1307 3676 1349 3729 op·

369 3751 437 3819 ponit
452 3751 490 3819 (v.
503 3757 535 3811 87
546 3779 584 3792 ·-
592 3760 655 3821 oti).
674 3763 699 3807 et
716 3753 756 3807 ubi
772 3768 843 3807 suurn
859 3750 1018 3815 sacrificium.
1035 3765 1084 3820 que
1099 3750 1163 3806 illius
1174 3749 1277 3805 reditum
1288 3744 1349 3799 eele-

372 3839 441 3891 brare
456 3850 524 3903 parat
539 3840 577 3901 (v.
591 3842 604 3893 1
618 3865 653 3875 -
665 3844 727 3903 lt).
745 3838 774 3890 ab
793 3836 926 3891 ambitiosis
943 3846 1093 3902 eapmtemm
1111 3835 1203 3890 artibus
1221 3844 1350 3895 mungens
