3434 4575
532 327 873 391 EPIGRAMMATON
886 328 961 390 LIB.
980 329 1061 394 xlv.
1261 330 1326 394 327

629 531 707 594 LIV.
733 531 975 614 Crepitacillum.

365 646 399 706 Si
413 645 483 723 quin
497 642 639 726 plorator
654 643 734 706 collo
750 645 808 706 tibi
823 643 950 704 vernulo
964 642 1098 724 pendet,

404 728 491 789 Haeo
508 729 625 808 quatiat
638 735 748 789 tenera
763 727 887 807 garrulo
902 730 994 788 siitro
1009 747 1108 788 manu.

661 864 725 926 LV.
746 863 941 946 FIngeltum.

361 960 513 1021 Proficies
527 960 607 1021 nihil
621 962 681 1022 hoc
697 959 807 1021 caedas
820 959 898 1020 lieet
913 976 1011 1038 usque
1026 957 1169 1037 flagello,

404 1044 438 1105 Si
451 1046 511 1105 tibi
523 1064 680 1125 purpureo
697 1043 737 1104 do
752 1063 847 1123 grege
863 1045 962 1104 currit
976 1060 1082 1122 equus.

631 1179 709 1242 LVL
732 1179 963 1255 Dentifricium.

362 1274 445 1352 Quid
460 1295 580 1337 mecum
595 1278 738 1337 esttibi?
769 1277 824 1336 Me
838 1275 943 1355 puello
958 1281 1066 1334 sumat.

359 1360 489 1439 Emptos
504 1381 566 1422 non
583 1361 669 1421 soleo
684 1360 786 1440 polire
801 1360 922 1420 dentes.

615 1494 708 1557 LVII.
731 1494 980 1575 Myrobalanum.

364 1593 452 1668 Quod
467 1612 527 1654 nec
541 1592 716 1671 Vergilius,
731 1613 797 1653 -neo
811 1595 947 1653 carmine
962 1592 1038 1652 dicit
1052 1593 1222 1667 Homerus,

402 1676 470 1736 Hoc
485 1697 524 1738 ex
537 1684 693 1756 unguento
710 1683 831 1736 constat
844 1683 878 1736 et
894 1695 932 1735 ex
945 1674 1067 1736 bolano.

615 1811 719 1873 LVIII.
744 1810 980 1889 Aphronitrum.

362 1908 506 1969 Rusticus
520 1909 576 1969 es?
598 1910 717 1984 nescis,
741 1906 815 1985 quid
831 1907 951 1967 Graeco
967 1908 1091 1967 nomine
1108 1904 1208 1966 dicar:

402 1992 515 2073 Spuma
528 2011 623 2053 vocor
637 1993 723 2051 nitrI.
753 1992 892 2052 Graecus
907 1991 964 2050 es?
986 1992 1208 2071 aphronitrum.

636 2126 714 2188 LIX.
740 2127 957 2209 Opobolooma.

360 2222 500 2285 Balsama
512 2244 562 2286 me
576 2227 716 2307 capiunt,
737 2227 815 2289 haec
830 2232 903 2287 sunt
917 2230 1072 2305 unguento
1085 2224 1236 2302 virorum3

404 2307 537 2370 Delicias
549 2312 652 2371 Cosmi
664 2331 718 2372 vos
732 2311 893 2390 redoleto,
915 2330 1021 2371 nurus.

658 2445 721 2505 LX.
741 2445 942 2506 Lomentum.

365 2538 494 2600 Gratum
509 2562 618 2603 munus
634 2545 695 2603 erit
711 2544 807 2603 scisso
822 2561 880 2603 nec
896 2540 1006 2601 ioutIle
1020 2542 1139 2617 ventri,

405 2622 438 2683 Si
454 2623 538 2687 claro
553 2627 704 2706 Stephani
717 2627 829 2686 balnea
842 2625 914 2686 luce
927 2630 1026 2704 petes.
1151 2671 1160 2685 ,

604 2760 682 2824 LXI.
705 2760 847 2820 Laterno
862 2778 985 2820 corneo.

362 2854 429 2915 Dux
447 2852 566 2918 laterna
582 2858 649 2919 vioe
665 2856 760 2917 clusis
774 2857 862 2915 feror
877 2873 970 2915 aureo
981 2857 1110 2916 flammis

403 2940 444 2999 lot
459 2945 526 3001 tuta
541 2947 591 3002 ost
605 2942 722 3018 gremio
736 2961 830 3032 porvn
842 2938 972 3001 lucerna
985 2958 1063 3001 meo.

580 3073 669 3138 LXII.
692 3073 835 3136 Laterno
851 3076 890 3137 de
903 3078 1015 3136 oeoioo.

361 3170 484 3230 Cornea
498 3173 525 3229 oi
538 3189 601 3229 non
615 3191 698 3248 sum,
720 3172 869 3250 numquiol
886 3191 951 3230 sum
965 3170 1104 3229 fuscior?
1119 3173 1171 3228 out
1185 3186 1234 3229 me

403 3252 546 3315 Venioam
562 3260 668 3314 contro
684 3256 738 3333 qui
751 3256 838 3315 venit
853 3272 922 3313 esse
936 3253 1047 3331 putat?

670 3385 774 3446 LXHI.
797 3387 934 3446 Fistula.

363 3481 445 3556 Quid
457 3499 507 3540 mo
523 3488 711 3561 compactam
726 3484 807 3544 ceris
822 3489 856 3543 et
871 3482 1044 3542 harundine
1059 3481 1167 3542 rides?

404 3565 489 3642 Quae
502 3565 635 3645 primum
650 3573 766 3628 structa
781 3573 829 3628 est
845 3565 965 3646 fistula,
987 3564 1059 3627 talis
1075 3573 1152 3627 orot.
