3434 4575
748 449 783 498 D·
805 449 879 498 mrt.
902 446 1089 496 mvrtrtnuts

734 749 1082 819 SATIRAXVI.

408 885 487 991 (lats
508 931 661 975 numerare
683 923 772 993 queat
793 914 890 975 felicis
915 913 1060 991 praemia,
1086 912 1172 988 Galli,

409 995 553 1064 llilitiaei
574 1015 640 1060 aaut
664 999 688 1057 si
710 996 870 1059 subeuntur
891 1014 1035 1076 prospera
1058 1008 1164 1071 castra,

409 1086 458 1147 lle
480 1082 614 1162 paritur
636 1084 764 1161 excipiat
790 1085 915 1142 tironem
939 1091 1024 1161 porta
1050 1082 1181 1141 secundo

409 1170 524 1231 Sidere.
565 1165 634 1227 Plus
658 1169 764 1227 etenim
788 1167 840 1227 iati
864 1164 944 1226 valet
966 1165 1037 1226 hora
1063 1165 1192 1243 benigni,

409 1253 502 1328 Quam
525 1252 550 1311 si
573 1268 627 1311 noa
645 1249 771 1310 Veneris
792 1250 975 1310 commendet
998 1251 1123 1329 epistola
1147 1249 1229 1310 llarti
1382 1279 1398 1328 5

408 1337 447 1398 lit
469 1336 565 1398 Samia
592 1337 728 1413 genetrix
751 1353 826 1414 quae
852 1333 1015 1394 delectatur
1039 1352 1137 1403 arena.
1216 1353 1219 1364 ·

451 1418 610 1483 Commoda
636 1428 794 1479 tractemus
818 1419 938 1498 primum
962 1420 1143 1493 communia,
1172 1436 1292 1498 quorum

409 1505 491 1568 llaud
517 1504 660 1563 minimum
683 1502 753 1563 illud
776 1503 848 1577 erit,
872 1521 909 1562 ne
931 1511 960 1562 te
984 1502 1104 1581 pulsare
1124 1514 1240 1582 togatus

408 1590 541 1662 Audeat,
564 1587 650 1646 immo
674 1596 719 1662 et,
743 1588 768 1645 si
792 1585 940 1665 pulsetur,
963 1586 1124 1647 dissimulet
1146 1606 1201 1647 nec

408 1673 525 1736 Audeat
549 1688 694 1732 excussos
716 1672 845 1750 praetori
869 1669 1027 1730 ostendere
1053 1670 1155 1731 dentes
1368 1686 1400 1736 to

408 1758 446 1820 llt
467 1758 578 1836 nigram
604 1755 632 1814 iu
654 1755 731 1815 iacie
753 1754 868 1815 tumidis
893 1755 1034 1816 livoribus
1060 1756 1144 1815 ollam

408 1843 506 1922 Atque
528 1838 644 1900 oculum
667 1839 782 1901 medico
806 1837 844 1899 nil
869 1840 1055 1919 promittente
1079 1841 1221 1901 relictum.

409 1926 567 1988 Bardaicus
589 1923 676 1983 iudex
699 1923 781 1984 datur
806 1923 881 1985 haec
904 1925 1006 2003 punire
1026 1925 1149 2001 uolenti,

409 2009 536 2071 Calceus
562 2016 591 2067 et
611 2008 739 2086 grandes
760 2026 862 2085 magna
885 2009 921 2068 ad
946 2007 1085 2069 subsellia
1111 2027 1207 2084 surae,

406 2093 534 2173 Legibus
558 2093 682 2170 antiquis
706 2102 866 2153 castrorum
890 2102 919 2152 et
941 2109 1022 2152 more
1046 2090 1160 2155 Camilli
1370 2107 1399 2156 ιε,

407 2181 549 2252 Servum,
575 2176 659 2236 miles
684 2194 722 2236 ne
748 2176 854 2237 vallum
878 2176 972 2253 litiget
998 2185 1080 2235 extro

407 2261 445 2327 Et
470 2260 576 2343 procul
598 2278 614 2320 a
636 2262 738 2339 signis.
776 2260 934 2322 iustissima
961 2263 1158 2321 centurionum

408 2344 544 2426 cognitio
568 2354 614 2404 est
640 2346 729 2423 igitur
753 2345 791 2405 de
812 2344 920 2417 milite,
945 2363 1001 2405 uec
1023 2346 1091 2406 milri
1113 2346 1206 2406 deerit

407 2429 504 2504 Ultio,
528 2431 553 2490 si
577 2430 671 2489 iustae
694 2429 826 2489 delentur
848 2446 935 2489 canusa
962 2430 1127 2507 querellae:

407 2514 481 2576 ’l'ota
506 2512 614 2575 coltors
638 2522 733 2573 tamen
757 2522 803 2573 est
825 2513 954 2589 inimica,
980 2531 1140 2594 omnesque
1162 2518 1278 2596 manipli
1364 2530 1399 2581 ²0

408 2597 561 2660 Conseusu
586 2614 692 2674 magno
716 2598 861 2673 efficiunt,
886 2596 1023 2658 curabilis
1047 2608 1077 2658 ut
1101 2602 1137 2658 sit

407 2682 541 2743 Vindicta
563 2691 592 2742 et
615 2682 734 2760 gravior
756 2699 840 2762 quam
865 2682 975 2741 iniuria.
1010 2681 1134 2760 Dignum
1162 2695 1216 2744 errt
1240 2704 1312 2763 ergo

406 2765 620 2829 Declamatcris
642 2767 750 2827 mulino
774 2766 864 2827 corde
886 2766 1012 2846 Vagelli‚

406 2851 501 2926 Quum
523 2851 582 2911 dno
604 2869 688 2912 crura
711 2850 840 2925 habeas,
869 2851 1021 2911 olleudere
1047 2860 1089 2911 tot
1114 2853 1243 2931 caligae,
1270 2864 1313 2912 tot

405 2933 485 2997 llilia
522 2934 680 2996 clavomm.
720 2935 791 3009 Quis
819 2945 875 2996 tam
900 2935 1002 3014 procul
1029 2937 1105 2997 absit
1126 2937 1162 2997 alr
1188 2938 1261 2998 urbe
1363 2949 1398 3002 25

407 3017 581 3093 Praeterea,
609 3020 673 3099 quis
696 3028 752 3079 tam
776 3019 917 3096 Pylades,
940 3020 1045 3080 molem
1069 3025 1186 3099 aggeris
1209 3021 1282 3083 ultra

406 3103 445 3165 lli
465 3102 584 3164 veniali
609 3104 746 3164 lacrimae
770 3106 916 3164 siccentur
940 3107 1086 3187 protinus,
1111 3116 1139 3165 et
1162 3126 1195 3168 sc

406 3186 608 3250 Excusaturos
630 3204 687 3248 uon
712 3188 906 3249 sollicitemus
929 3192 1048 3249 amicos.

294 3333 296 3335 ,
405 3271 596 3346 Balesium,
622 3273 709 3333 iudex
736 3291 820 3351 quom
847 3273 966 3348 dixerit,
996 3274 1100 3335 audeat
1123 3275 1174 3335 ille

405 3353 515 3417 Nescio
542 3358 626 3436 quis,
650 3374 764 3434 pugnos
788 3358 836 3436 qui
860 3358 946 3433 vidit,
970 3359 1087 3420 dicere:
1114 3359 1184 3420 vidi:
1361 3371 1396 3425 ³⁰

405 3434 443 3500 Et
468 3439 583 3501 credam
606 3441 722 3518 dignum
746 3439 835 3501 barba
862 3441 1037 3523 dignumque
1061 3443 1175 3522 capillis

403 3520 555 3584 llalorum.
596 3522 686 3585 Citius
710 3524 814 3586 ialsom
837 3526 1004 3605 producere
1026 3537 1131 3587 testem

405 3603 514 3669 Contra
537 3626 682 3687 paganum
706 3611 822 3689 possis,
845 3628 929 3689 quam
953 3630 1023 3671 vera
1048 3612 1216 3690 loquentem

405 3686 513 3752 contra
539 3692 680 3754 fortunam
703 3694 804 3755 armati
828 3704 989 3774 contraque
1017 3696 1167 3768 pudorem.

375 3863 551 3959 Α
