3434 4575
762 547 884 600 sannen
905 545 980 600 vm.
1315 538 1355 603 ii

366 693 461 754 Soium
485 690 616 773 Eponam
640 702 669 752 et
691 692 783 753 iacies
808 691 884 753 oiida
910 692 945 753 ad
968 694 1124 771 praesepia
1148 694 1249 771 pictas.

365 778 422 838 Sed
445 796 532 857 quum
554 776 716 856 pervigiles
739 776 836 856 piacet
859 777 1021 836 instaurare
1044 777 1178 854 popinas,

366 860 475 922 0hvins
500 860 618 922 assiduo
643 860 862 940 {Syrophoenix
885 859 957 919 udus
981 876 1093 920 amomo

365 943 476 1021 Currit,
499 942 666 1024 idumaeae]
689 944 895 1025 Syrophoenix
918 945 1014 1005 incola
1035 954 1138 1023 portae
1309 957 1356 1015 tao

365 1029 492 1109 iiospitis
516 1030 623 1090 ah'ectu
647 1028 791 1089 dominum
814 1045 975 1107 regemque
998 1028 1113 1098 salutat,

365 1112 399 1173 iit
423 1132 488 1174 cnm
511 1113 609 1174 venali
634 1109 734 1189 Cyane
756 1113 904 1174 succincta
928 1112 1040 1189 lagona.

365 1197 513 1258 Defensor
535 1197 640 1275 culpae
664 1196 743 1259 dicet
765 1196 849 1257 mihi:
872 1195 1006 1256 Fecimus
1031 1205 1059 1256 et
1082 1215 1134 1255 nos

366 1280 852 1355 ilaecinvenes.-Esto;desisti
874 1298 996 1358 nempe,
1022 1298 1078 1341 nec
1099 1279 1174 1339 ultra

365 1364 474 1426 Foristi
499 1382 639 1425 errorem.
674 1351 844 1441 Brevsffiit,
867 1365 944 1444 quod
967 1365 1091 1443 turpiter
1111 1364 1216 1428 sudes:
1305 1374 1355 1430 loo

365 1447 513 1524 Quaedam
537 1467 601 1509 cunr
624 1450 715 1527 prima
736 1457 909 1509 resecentur
931 1449 1049 1508 crimina
1071 1446 1177 1514 barba:

365 1533 485 1612 indulge
507 1551 621 1593 remam
640 1535 756 1613 pueris:
780 1531 939 1594 Lateranus
960 1534 995 1594 ad
1019 1532 1086 1592 iiius

365 1615 552 1678 Thermarum
578 1617 689 1678 calices
713 1618 912 1697 inscriptaque
934 1617 1021 1677 lintea
1046 1618 1122 1676 vadit

365 1700 491 1763 historus
517 1701 599 1761 helio
620 1700 775 1762 Armeniae
797 1701 959 1780 Syriaeque
981 1701 1093 1760 tuendis

365 1785 505 1846 Amnihus
529 1796 559 1845 et
580 1784 685 1845 Rheno
709 1795 797 1865 atque
818 1785 909 1850 lstro:
939 1793 1090 1863 praestare
1113 1783 1259 1844 Neronem
1304 1794 1355 1849 lto

365 1871 505 1930 Securum
523 1869 602 1929 vaiet
623 1867 697 1931 haec
714 1880 804 1930 aetas.
837 1868 919 1930 Nitte
944 1867 1041 1943 Ostia,
1068 1865 1187 1943 Caesar,

364 1953 460 2030 niue,
484 1954 537 2015 sed
557 1954 587 2013 in
607 1971 710 2031 magua
731 1954 859 2031 legatum
882 1970 992 2033 quaere
1015 1953 1136 2031 popina:

365 2037 498 2100 invenies
523 2038 623 2117 aliquo
646 2055 710 2098 cum
734 2055 913 2117 percussore
937 2038 1093 2112 iacentem,

365 2121 537 2184 Permixtum
562 2123 655 2182 nautis
680 2130 709 2183 et
732 2121 843 2182 iurihus
869 2140 904 2182 ao
924 2121 1064 2198 fugitivis,

366 2206 441 2269 inter
464 2207 618 2267 carnihces
640 2216 670 2267 et
692 2206 792 2267 iahros
813 2206 1027 2284 sandapilarum
1058 2202 1061 2209 '
1305 2215 1354 2272 175

365 2291 401 2353 Et
419 2292 580 2371 resupinati
607 2293 752 2353 cessantia
775 2301 911 2369 tympana
930 2290 1027 2369 galina

366 2378 466 2457 hequa
489 2375 529 2436 ibi
551 2374 688 2452 libertas,
715 2378 874 2437 communia
899 2373 1021 2454 pocula,
1046 2374 1141 2434 lectus

366 2458 427 2522 Non
450 2459 525 2519 alius
548 2461 696 2540 cuiquam,
719 2479 775 2521 nec
796 2477 896 2520 mensa
920 2460 1058 2520 remotior
1078 2457 1139 2517 ulii.

365 2541 438 2617 Quid
461 2542 553 2603 iacias
576 2543 664 2604 talem
687 2545 822 2619 sortitus,
845 2543 980 2616 Pontice,
1004 2539 1140 2601 servum?

364 2626 476 2708 Nempe
503 2629 531 2687 in
552 2626 685 2688 Lucanos
709 2636 758 2689 ant
780 2626 877 2688 Tusca
900 2625 1047 2705 ergastula
1069 2626 1173 2691 mittas.
1305 2637 1354 2693 reo

365 2712 402 2772 m
422 2729 495 2788 vos,
519 2710 722 2790 Troiugenae,
745 2710 830 2771 vohis
853 2711 1005 2789 ignoscitis
1030 2719 1076 2785 et,
1100 2727 1174 2788 quae

364 2791 470 2875 Turpia
494 2795 631 2872 oerdoui,
661 2796 791 2857 Volesos
812 2795 988 2875 Brutumque
1011 2791 1165 2853 decehunt.

405 2878 498 2955 Quid,
527 2881 552 2940 si
573 2898 725 2959 numquam
748 2881 823 2941 adeo
846 2880 941 2940 ioedis
967 2877 1103 2958 adeoque
1126 2877 1267 2957 pudendis

364 2963 474 3025 iitimur
494 2964 654 3044 exemplis,
677 2973 785 3024 utnon
810 2964 912 3042 peiora
937 2959 1103 3041 supersint?

363 3046 549 3128 consumptis
572 3048 677 3128 opibus
698 3066 817 3123 vocem,
842 3046 1036 3125 Damasippo,
1057 3046 1161 3107 locasti
1303 3054 1353 3110 185

363 3133 496 3212 Sipario,
520 3131 678 3192 clamosum
704 3148 810 3210 ageres
833 3140 863 3190 ut
886 3130 1006 3192 Phasma
1030 3127 1144 3190 Catulli.

362 3215 534 3278 Laureolum
556 3215 646 3276 veion
669 3217 755 3276 etiam
777 3215 854 3275 hene
877 3214 1014 3275 Lentulus
1039 3215 1109 3291 egit,

360 3300 460 3362 ludice
482 3316 530 3359 mc
551 3299 654 3379 dignus
675 3318 745 3359 vera
767 3318 866 3360 cruce.
900 3298 964 3359 Nec
985 3306 1080 3358 tamen
1102 3299 1157 3376 ipsi

361 3383 502 3463 Ignoscas
526 3383 653 3463 populo:
676 3384 777 3463 popuii
799 3384 881 3444 frons
904 3383 1003 3444 durior
1025 3381 1119 3455 huius,

363 3466 417 3542 Qui
440 3467 526 3528 sedet
548 3477 578 3528 et
600 3476 716 3547 spectat
735 3469 885 3529 triscurria
907 3467 1104 3546 patriciorum,
1305 3462 1358 3527 rac
1394 3492 1395 3495 ¹

362 3551 535 3631 Planipedes
560 3550 639 3612 audit
658 3550 782 3630 Fabios,
806 3552 903 3612 ridere
922 3559 1021 3630 potest
1043 3551 1091 3628 qui

361 3634 572 3697 hlamsrcorum
596 3636 706 3715 alapas.
741 3633 845 3710 Quanti
867 3653 919 3696 sua
941 3635 1042 3694 iunera
1062 3631 1198 3705 vendant,

362 3718 435 3793 Quid
459 3716 571 3779 referti
593 3719 721 3779 rendunt
742 3720 823 3780 nulio
846 3727 972 3797 cogente
994 3716 1122 3793 Nerone,

364 3802 424 3865 Nec
447 3803 578 3864 dubitant
598 3804 672 3864 celsi
693 3806 841 3878 praetoris
863 3802 993 3863 vendero
1016 3801 1101 3862 ludis.
