3434 4575
762 479 796 529 l).
819 479 891 529 lUN.
915 477 1099 528 trtvurtnuts

721 837 762 928 ll.
788 834 896 928 lllrlll
922 831 1146 928 lllllldllll

843 1019 1022 1095 nouimus

604 1155 1254 1266 SdTleRUll

796 1351 898 1414 LIBER
917 1351 1071 1418 TERTIUS.

841 1541 1027 1558 -”---·.

753 1658 989 1732 SATIRA
1033 1659 1107 1722 Vll.

436 1755 478 1850 l‘lt
500 1807 570 1868 spes
590 1799 620 1849 et
642 1791 715 1850 ratio
737 1791 897 1852 studiorum
920 1791 948 1850 iu
971 1787 1100 1851 Caesare
1119 1799 1239 1849 tantum:

433 1875 521 1937 Solus
542 1875 616 1934 enim
639 1875 738 1935 tristes
761 1875 816 1935 hac
838 1884 1014 1953 tempestate
1038 1873 1181 1937 Camenas

434 1961 591 2036 Respexit,
616 1977 701 2038 quum
720 1961 775 2020 iam
798 1960 937 2020 celebres
959 1962 1077 2038 notique
1100 1968 1208 2038 poetae

433 2042 603 2106 Balneolum
624 2042 739 2118 Gabiis,
761 2043 873 2104 Romae
895 2045 1061 2105 conducere
1083 2044 1184 2104 lurnos

433 2129 637 2205 Temptarent,
659 2146 715 2187 nec
737 2128 854 2199 foedum
874 2128 923 2189 alit
946 2147 1002 2189 uec
1024 2139 1109 2206 turpe
1134 2137 1268 2207 putarent
1410 2141 1425 2191 h

434 2214 598 2274 Praecones
619 2211 699 2281 fieri;
722 2230 807 2292 quum
830 2212 956 2273 desertis
978 2212 1148 2291 Aganippes

433 2295 563 2358 Vallibus
584 2298 716 2358 esuriens
737 2298 877 2375 migraret
899 2299 927 2358 in
947 2298 1019 2359 atria
1041 2295 1116 2358 (llio.

432 2382 502 2442 Nam
525 2383 549 2440 sl
572 2380 666 2442 Pieria
689 2382 833 2462 quadrans
853 2382 905 2442 tibi
928 2382 1024 2443 nullus
1046 2384 1075 2442 in
1097 2382 1196 2443 umbra

433 2466 623 2542 Ostendetur,
647 2484 727 2527 ames
749 2484 853 2527 nomen
866 2469 1042 2546 uictumque
1064 2466 1238 2527 Machaerae

431 2551 468 2612 Et
489 2550 600 2612 vendas
620 2553 734 2630 potius,
758 2552 911 2613 commissa
933 2552 1011 2632 quod
1037 2554 1133 2612 auctio
1155 2551 1255 2611 vendit
1391 2567 1425 2618 10

431 2636 596 2710 stantibus,
620 2636 839 2715 oenophorum,
862 2637 1013 2716 tripodes,
1035 2638 1173 2712 armaria,
1198 2636 1297 2711 cistas,

433 2720 589 2780 Alcithoen
609 2719 714 2796 Pacci,
738 2720 856 2782 Thebas
881 2731 910 2782 et
933 2720 1029 2782 Terea
1051 2719 1159 2781 Fausti.

432 2804 494 2865 lloc
517 2805 624 2879 satius,
646 2823 730 2884 quam
753 2807 779 2865 si
800 2806 881 2866 dicas
903 2806 957 2866 sub
979 2806 1092 2879 iudice,
1116 2806 1184 2877 vidi,

431 2889 516 2963 Quod
538 2907 596 2948 non
616 2890 726 2958 vidisti3
750 2890 857 2951 iaciant
881 2892 995 2972 equites
1019 2889 1132 2964 Bithyni

430 2972 608 3053 eramquam
631 2983 661 3033 et
683 2971 878 3054 Cappadoces
900 2976 1006 3035 iaciant
1029 2976 1202 3054 equitesque
1226 2974 1338 3052 Asiani,
1394 2987 1425 3041 15

431 3056 532 3118 Altera
555 3075 629 3136 quos
652 3057 727 3117 nudo
751 3060 875 3119 traducit
895 3059 988 3120 Gallia
1008 3059 1078 3120 talo.

430 3141 521 3202 Nemo
544 3152 639 3202 tamen
661 3141 764 3201 studiis
786 3143 931 3222 indignum
956 3144 1035 3204 ferre
1059 3144 1190 3205 laborem

430 3224 560 3305 Cogetur
582 3226 722 3306 posthac,
745 3228 835 3288 nectit
856 3229 1030 3306 quicumque
1054 3229 1169 3288 canoris

429 3310 583 3391 Eloquium
605 3310 711 3371 vocale
733 3311 828 3373 modis
846 3311 1016 3392 laurumque
1037 3313 1212 3374 momordit·

429 3396 491 3456 Hoc
511 3397 605 3474 agite,
629 3414 647 3455 o
668 3396 803 3456 iuvenes!
827 3397 1026 3475 circumspicit
1048 3406 1077 3458 et
1100 3397 1227 3458 stimulat
1251 3414 1305 3457 vos
1390 3408 1423 3461 tt

428 3478 637 3559 blateriamque
657 3480 711 3540 sibi
732 3480 814 3540 ducis
839 3480 1017 3559 indulgentia
1041 3483 1163 3561 quaerit.

428 3565 458 3621 Si
481 3583 537 3643 qua
560 3565 676 3625 aliunde
699 3574 783 3644 putas
805 3583 901 3625 rerum
925 3564 1124 3643 exspectanda
1147 3576 1255 3626 tuarum

428 3647 575 3708 Praesidia
598 3659 685 3729 atque
707 3650 774 3710 ideo
798 3666 924 3710 croceae
942 3650 1105 3710 membrana
1128 3651 1256 3712 tabellae

428 3730 581 3810 lmpletur,
604 3732 748 3812 lignorum
769 3733 877 3813 aliquid
900 3751 993 3814 posce
1014 3736 1096 3795 ocius
1120 3744 1148 3795 et
1171 3755 1246 3815 qnae
