3434 4575
584 458 926 520 EPIGRAMMATON
938 458 1014 521 ΗΒ.
1032 459 1109 520 ΧΙΠ.
1307 457 1367 522 ³07

384 611 569 673 50minibus
586 610 678 671 laetis
694 616 812 671 vestras
829 610 995 670 Instantius
1011 630 1081 670 oras

449 696 567 774 Intret,
589 702 622 754 et
637 696 688 754 hic
702 695 825 774 pupulis
840 699 876 752 ut
888 694 976 773 prior
991 713 1087 754 annus
1102 699 1163 755 eut.

407 779 474 839 Non
489 781 628 857 ignorat,
651 797 727 838 onus
742 776 825 855 quod
838 779 881 838 sit
894 775 1063 837 succedere
1078 777 1202 852 Mucr03

450 863 509 939 Qui
527 882 580 923 suu
595 863 722 922 metitur
734 861 889 941 pondera,
910 862 997 921 ferre
1011 867 1125 942 potest.

612 1310 657 1380 Μ.
688 1311 792 1383 VAL.
816 1311 1073 1384 MARTIALIS

527 1466 1227 1617 nriunnnnnuun

733 1663 860 1724 LIBER·
871 1664 948 1725 Xllt.

700 1843 984 1920 Xon-ia.

832 1995 855 2055 Ι.

404 2109 451 2169 Ne
465 2116 536 2189 tuga
552 2103 688 2186 cordylis
703 2113 737 2166 et
750 2105 883 2186 paenula
899 2104 980 2166 desit
996 2104 1101 2186 olivis,

449 2194 512 2253 Aut
525 2195 650 2271 inopem
664 2196 783 2250 metuet
798 2189 924 2250 sordide
938 2189 1037 2251 blettu
1052 2191 1181 2269 femem3

405 2275 534 2337 Perdite
549 2274 699 2353 Niliacus,
721 2275 847 2353 Musae,
870 2294 938 2337 meu
953 2273 1077 2354 demun,
1098 2297 1250 2360 papyros3

446 2360 603 2435 Postulat,
625 2377 715 2436 ecce,
733 2379 828 2420 novos
844 2362 931 2420 ebria
945 2363 1052 2421 bruma
1068 2361 1158 2423 sales.

384 2443 479 2503 5N0n
494 2460 562 2501 meu
577 2443 766 2519 magnanimo
782 2443 938 2524 depugnat
950 2450 1072 2505 tessera
1085 2445 1165 2523 tulo,

448 2523 541 2583 Senio
555 2542 613 2583 nec
626 2532 764 2585 nostrum
779 2547 848 2587 cum
863 2546 938 2587 cane
954 2534 1076 2607 quassat
1090 2530 1176 2589 ebur.

403 2608 490 2668 Haec
506 2609 582 2668 mihi
596 2609 702 2669 chertu
714 2629 826 2689 nuces,
840 2612 918 2671 haec
932 2618 980 2671 est
994 2613 1070 2671 mihi
1084 2614 1191 2673 charte
1204 2613 1340 2676 fritillus.

446 2691 526 2753 Ales
539 2712 598 2753 nec
613 2691 754 2753 damnum
770 2714 829 2755 uec
844 2696 921 2755 fucit
934 2696 994 2754 ists
1009 2693 1138 2757 lucrum.

822 2829 858 2891 11.

403 2938 535 2998 Nasutus
550 2940 592 2999 sis
607 2959 705 3018 usqne
720 2939 815 3016 licet,
838 2940 880 2999 sis
896 2938 1031 3019 denique
1047 2959 1154 3019 nunus,

444 3023 597 3098 Quantum
611 3022 756 3083 noluerat
773 3023 860 3082 ferre
881 3030 1006 3102 rugatus
1019 3023 1124 3103 Atlas,
1300 3037 1321 3074 ⁹

379 3176 382 3181 Δ
400 3106 442 3165 Et
454 3108 555 3185 possis
570 3108 670 3186 ipsum
685 3113 719 3166 tu
736 3104 881 3166 deridere
898 3108 1054 3167 Latinum:

442 3190 511 3249 Nun
525 3197 615 3270 putes
629 3191 663 3250 in
677 3210 772 3269 nugas
788 3190 894 3251 dicere
907 3191 998 3271 plnru
1012 3209 1111 3268 mess,

380 3273 473 3354 tlpse
489 3280 547 3349 e'go
563 3293 652 3350 quum
667 3273 738 3335 dixi.
768 3273 850 3351 Quid
867 3273 992 3335 dentem
1010 3272 1105 3333 deute
1117 3273 1234 3333 invehit

356 3411 358 3415 ,
445 3354 593 3415 Rodere‘?
615 3376 708 3417 carne
724 3378 800 3437 opus
816 3364 880 3436 est,
901 3360 929 3418 si
944 3363 1029 3418 satur
1044 3374 1113 3416 csse
1129 3354 1218 3416 velis.

402 3440 449 3499 Ne
464 3435 577 3518 perdas
593 3457 735 3519 operam:
759 3442 810 3518 qui
828 3458 863 3499 se
878 3443 1046 3517 mirantur,
1067 3441 1100 3498 iu
1114 3438 1186 3499 illus
1252 3470 1254 3473 v

444 3523 538 3585 Virus
553 3522 651 3599 habe,
671 3541 728 3581 nos
743 3524 820 3582 huec
834 3525 972 3584 novimus
988 3541 1057 3584 esse
1073 3521 1162 3584 nihil.

401 3605 471 3666 Non
487 3613 589 3666 tumen
603 3607 663 3665 huc
677 3607 803 3667 nimium
817 3606 895 3667 nihil
910 3614 974 3684 est,
995 3609 1022 3668 si
1037 3605 1184 3667 candidus
1199 3622 1291 3685 sure,
1382 3680 1388 3694 ,

357 3701 393 3753 10
440 3690 505 3750 Nec
520 3692 668 3751 mututins
682 3692 709 3751 si
722 3693 797 3753 mihi
811 3692 916 3753 fronte
930 3693 1027 3754 venis.
1141 3772 1158 3811 *
