3434 4575
568 339 908 400 EPIGRAMMA'PON
921 340 994 405 LIB.
1013 341 1076 403 xli.
1282 344 1344 409 285

797 540 848 616 IX.

385 657 492 719 Palma
505 660 589 738 regit
602 666 743 737 nostros,
766 659 927 720 mitissime
943 659 1073 738 Caesar,
1094 661 1247 743 Hiberos,

425 744 468 804 nt
481 742 603 823 placido
618 744 734 804 fruitur
747 763 806 822 pax
819 743 988 823 peregriua
1001 744 1082 822 iugo.

383 828 467 907 Ergo
484 829 599 906 agimus
615 825 691 887 laeti
705 834 791 888 tauto
806 846 864 907 pro
880 845 1008 887 munere
1023 835 1144 906 gratem

425 912 542 976 Misisti
555 929 658 971 mores
671 912 705 970 in
719 908 789 971 loca
804 917 911 971 nostra
924 916 1003 972 tuos.

805 1044 841 1104 X.

385 1165 490 1225 Habet
507 1162 671 1224 Africanus
685 1159 825 1240 miliens,
847 1167 950 1221 tamen
966 1166 1077 1242 captat.

382 1247 523 1309 Fortuna
537 1244 643 1307 multis
658 1244 712 1307 dat
723 1247 830 1324 nimis,
852 1247 926 1306 ratis
941 1243 1030 1309 nulli.

800 1380 850 1441 XI.

380 1499 550 1559 Parthenio
566 1496 633 1576 die,
654 1499 757 1576 Musa,
778 1502 832 1558 tuo
847 1503 1017 1577 nostroque
1033 1497 1180 1577 ralutem3

423 1583 499 1644 Nam
515 1583 583 1662 quis
598 1583 634 1642 ab
649 1581 749 1642 Aonio
761 1579 878 1660 largius
896 1601 984 1642 amne
1000 1583 1102 1643 bibit?

384 1668 477 1728 Cuius
492 1665 633 1745 Pimplea
648 1664 718 1745 lyra
731 1664 844 1725 clarior
859 1666 923 1725 exit
938 1666 975 1725 ab
991 1667 1103 1726 antro?

425 1752 522 1827 Quem
537 1749 607 1830 plus
622 1750 728 1810 Pierio
744 1748 783 1808 de
798 1767 894 1827 grege
908 1749 1054 1810 Phoebus
1069 1750 1171 1810 amati

360 1835 426 1896 alut
440 1835 467 1894 si
481 1835 582 1912 forte,
606 1832 661 1893 sed
676 1834 735 1892 hoc
749 1834 798 1892 vix
813 1839 863 1892 est
877 1850 1021 1913 sperare,
1043 1835 1182 1912 vacabit,

427 1918 544 1979 Tradat
558 1924 593 1978 ut
607 1919 675 1997 ipse
691 1916 762 1976 duci
777 1918 912 1976 carmina
924 1921 1048 1994 nostra,
1071 1936 1162 1997 roga3

382 2002 535 2080 Quattuor
549 2008 582 2062 et
597 2007 714 2062 tautum
729 1998 932 2081 timidumque
951 2002 1139 2081 brevemque
1152 2000 1294 2064 libellum

400 2083 406 2093 ’
423 2085 626 2148 commendet
639 2087 743 2146 verbis
757 2085 871 2162 „Hunc
885 2092 937 2145 tua
951 2085 1052 2146 Roma
1066 2083 1176 2164 legit.“

786 2219 851 2281 XII.

384 2332 493 2390 Omnia
507 2331 681 2410 promittis,
703 2350 771 2392 cum
784 2338 850 2393 tota
865 2340 957 2394 nocte
972 2334 1096 2410 bibisti;

424 2414 518 2475 Mane
538 2412 616 2474 nihil
629 2420 778 2494 praestas.
810 2415 918 2495 Polio,
940 2435 1028 2478 mane
1045 2419 1127 2480 bibe.

781 2550 859 2611 xiii.

382 2661 502 2739 Genus,
522 2662 637 2741 Aucto,
659 2660 740 2723 lueri
755 2660 867 2721 divites
881 2662 997 2721 habeut
1011 2662 1097 2723 iram.

381 2743 508 2824 Odisse,
531 2766 620 2825 quam
635 2745 769 2823 donare,
791 2742 883 2803 vilius
897 2750 1026 2808 constat.

777 2877 858 2940 XIV.

380 2990 506 3051 Parcius
521 2992 639 3068 utaris,
661 3008 790 3066 moneo,
810 2991 953 3070 rapiente
966 2989 1099 3069 veredo,

420 3074 546 3151 Prisce,
568 3092 627 3133 nee
641 3074 674 3133 iu
688 3072 815 3153 lepores
831 3081 892 3134 tam
906 3073 1061 3135 violentus
1077 3092 1139 3139 eas.

382 3158 482 3236 Saepe
497 3157 650 3217 satisfecit
662 3157 798 3238 praedae
812 3163 959 3235 venator,
980 3163 1013 3217 et
1027 3158 1091 3217 acri

422 3239 548 3299 Decidit
564 3258 725 3318 excussus,
745 3260 805 3301 nee
819 3238 994 3317 rediturus,
1016 3259 1107 3319 equo.

359 3322 513 3385 filnaidias
530 3328 563 3381 et
577 3342 701 3401 campus
716 3324 825 3382 habet:
847 3340 906 3381 nec
921 3322 1022 3401 fossa,
1041 3342 1101 3382 nec
1118 3338 1228 3401 agger,

421 3406 487 3467 Nec
501 3406 563 3465 sint
577 3426 648 3466 saxa
660 3404 753 3485 licet,
774 3404 888 3465 fallere
902 3405 994 3485 plana
1007 3404 1120 3469 solent.

381 3490 450 3549 Non
466 3487 569 3548 deerit
584 3490 636 3569 qui
650 3495 736 3549 tauta
750 3490 807 3550 tibi
823 3489 998 3570 spectacula
1013 3495 1169 3570 praestet,

423 3572 540 3633 Invidia
554 3574 610 3633 fati
626 3572 681 3634 sed
695 3572 814 3636 leviore
829 3572 918 3634 cadat
