3434 4575
421 486 453 543 14
740 491 775 539 D.
799 491 871 540 tuat.
897 491 1082 540 invadatus

414 637 553 716 Pauperis
576 635 625 696 bic
644 634 795 711 meritum,
814 637 840 694 ai
862 643 946 694 curet
966 641 1054 694 nocte
1075 641 1193 710 togatus

415 720 557 796 Currere,
579 737 665 798 quum
687 726 807 797 praetor
829 719 962 780 lictorem
984 716 1115 796 impellat
1135 726 1165 776 et
1186 720 1228 778 ire

415 806 607 884 Praecipitem
630 803 747 880 iubeat,
768 803 874 864 dudum
895 802 1082 880 vigilantibus
1105 800 1196 879 orbis,

414 890 458 951 Ne
480 891 561 968 prior
583 888 717 949 Albinam
741 898 771 948 et
793 886 920 948 Modiam
944 887 1061 965 collega
1085 885 1214 948 salutet?

414 975 516 1036 Divitis
538 973 586 1035 bie
608 975 687 1033 servi
711 972 819 1033 claudit
840 972 916 1032 latus
938 973 1128 1050 ingenuorum

413 1058 520 1126 Filius:
544 1058 620 1118 alter
642 1058 732 1131 enim,
757 1057 945 1134 quantumin
969 1057 1088 1134 legione
1108 1057 1214 1118 tribuni

417 1145 586 1223 Accipiunt,
610 1143 698 1202 donat
722 1138 861 1201 Calvinae
882 1141 930 1201 vel
954 1139 1105 1215 Catienae,
1208 1212 1211 1216 ¹

414 1228 450 1289 Ut
469 1226 562 1287 semel
596 1238 645 1287 aut
678 1227 782 1288 iterum
815 1243 905 1304 super
927 1225 1004 1287 illam
1028 1225 1165 1304 palpitet:
1189 1238 1216 1285 at
1239 1237 1280 1302 tu,

413 1311 507 1386 Quum
529 1311 580 1371 tibi
599 1312 696 1370 vestiti
716 1310 810 1370 iacies
833 1311 925 1370 scorti
944 1310 1059 1388 placet,
1084 1309 1190 1370 haeres

415 1396 450 1457 Et
471 1396 586 1456 dubitas
608 1396 666 1455 alta
690 1392 822 1455 Chionen
845 1394 994 1455 deducere
1016 1394 1100 1455 sella.

415 1482 457 1541 [la
479 1489 585 1540 testem
604 1479 713 1539 Romae
731 1488 786 1538 tam
807 1489 957 1554 sanctum,
980 1497 1065 1558 quam
1086 1480 1139 1539 luit
1161 1480 1271 1559 bospea

414 1565 542 1625 Numinis
565 1563 663 1636 ldaei,
686 1564 829 1642 procedat
850 1563 899 1623 vel
920 1561 1011 1624 Numa
1032 1564 1081 1624 vel
1105 1567 1153 1643 qui

413 1649 549 1711 Servavit
568 1647 710 1726 trepidam
732 1648 865 1725 flagranti
884 1666 922 1707 ex
943 1647 1017 1708 aede
1040 1647 1213 1708 Minervam:

413 1735 546 1796 Protinus
568 1733 605 1794 ad
626 1751 760 1799 ceusum;
783 1733 820 1793 de
842 1732 973 1793 moribus
995 1733 1094 1793 ultima
1118 1734 1167 1793 liet

413 1818 570 1894 Quaestio:
595 1827 666 1896 quot
683 1819 776 1896 pascit
799 1815 925 1877 servos?
944 1827 1015 1896 quot
1035 1818 1168 1896 possidet
1188 1820 1250 1896 agri

414 1900 539 1982 lugeral
562 1921 646 1982 quam
665 1903 753 1962 multa
776 1920 940 1981 magnaque
963 1901 1122 1982 paropside
1145 1901 1270 1962 coenat?

414 1989 556 2062 Quantum
580 1989 705 2067 quisque
728 2006 779 2047 aua
803 2004 981 2047 nummorum
1004 1997 1103 2048 servat
1122 1989 1149 2046 iu
1172 2005 1251 2062 arua,
1291 1979 1300 1998 ”

414 2073 534 2133 'lantum
557 2071 645 2131 babet
667 2081 696 2130 et
717 2071 800 2140 ddei3
823 2073 902 2131 iures
925 2071 996 2132 licet
1019 2081 1049 2131 et
1069 2071 1289 2132 Samotbracum

415 2157 450 2216 Et
470 2166 632 2216 nostrorum
656 2173 740 2232 aras,
765 2165 954 2215 contemnere
977 2155 1094 2216 iulmiua
1117 2174 1229 2235 pauper

414 2239 549 2303 Creditur
567 2248 654 2317 atque
674 2239 765 2316 deos,
784 2239 829 2301 dis
851 2239 1072 2317 ignoscentibus
1094 2242 1175 2320 ipsis.

413 2325 488 2401 Quid
509 2324 587 2404 quod
611 2326 759 2385 materiam
779 2323 902 2403 praebet
923 2342 1086 2404 causasque
1108 2328 1237 2385 iocorum

413 2408 551 2470 Omnibus
573 2408 621 2468 bie
643 2408 735 2484 idem,
757 2410 781 2468 si
802 2408 889 2469 ioeda
914 2419 945 2470 et
966 2411 1059 2469 scissa
1083 2411 1211 2484 lacerna,

413 2496 444 2553 Si
466 2503 535 2571 toga
556 2493 705 2553 sordidula
726 2503 771 2553 est
794 2503 823 2554 et
845 2503 929 2572 rupta
950 2494 1069 2555 calceus
1090 2496 1166 2556 alter

414 2577 494 2639 Pelle
518 2586 614 2655 patet,
636 2576 684 2636 vel
707 2578 731 2637 si
755 2588 877 2639 consuto
901 2578 1023 2640 vulnere
1046 2598 1173 2639 crassum

414 2662 510 2741 Atque
529 2679 636 2720 recens
658 2661 744 2722 linum
765 2663 893 2723 ostendit
915 2680 972 2723 nou
995 2682 1050 2724 uua
1072 2663 1215 2724 cicatrix'.l

415 2745 460 2805 Nil
480 2745 569 2806 babet
591 2745 693 2805 infelix
716 2757 874 2827 paupertas
897 2747 996 2807 durius
1018 2750 1045 2807 iu
1069 2767 1112 2823 se,

414 2830 504 2903 Quam
529 2829 606 2909 quod
629 2830 769 2891 ridiculos
791 2832 923 2892 homines
944 2833 1023 2893 iacit.
1070 2832 1181 2903 Exeat,
1206 2834 1305 2909 inqruit,

414 2916 444 2974 Si
466 2914 560 2992 pudor
582 2924 644 2991 est,
666 2925 695 2975 et
716 2916 753 2976 de
774 2917 891 2995 pulvino
914 2926 1013 2995 surgat
1036 2921 1177 2997 equestri,

415 2998 503 3058 Cuius
524 3017 573 3058 res
596 2999 655 3077 legi
677 3018 734 3059 non
758 3001 883 3073 suflicit,
908 3011 938 3060 et
955 3002 1077 3061 sedeant
1097 3002 1145 3061 bic

415 3084 560 3144 benonum
582 3085 666 3161 pueri
690 3102 875 3163 quocumque
896 3087 923 3144 in
947 3085 1060 3146 fornice
1081 3087 1154 3152 nati2

414 3167 466 3228 llic
488 3167 606 3246 plaudat
627 3170 707 3228 nitidi
728 3170 884 3247 praeconis
907 3169 983 3229 lilius
1003 3173 1078 3230 inter

415 3252 557 3330 Pinnirapi
578 3251 671 3311 cultos
694 3254 814 3313 iuvenes
833 3254 1014 3333 iuvenesque
1037 3255 1174 3316 lanistae:

414 3336 463 3394 Sic
480 3335 588 3395 libitum
605 3352 695 3413 vano,
716 3338 764 3415 qui
787 3353 840 3396 uos
864 3337 1009 3413 distinxit,
1031 3337 1147 3399 Othoni.

414 3419 486 3492 Quis
506 3438 600 3497 gener
620 3420 667 3480 hio
690 3420 800 3499 placuit
822 3440 913 3483 censu
935 3424 1028 3484 minor
1045 3433 1132 3502 atque
1154 3425 1271 3503 puellae
1381 3438 1404 3475 ἰ

414 3503 573 3563 sarcinulis
596 3501 708 3583 impari
728 3506 793 3583 quis
815 3523 929 3584 pauper
949 3506 1084 3566 scribitur
1106 3507 1215 3567 heres?

414 3585 536 3659 Quando
556 3589 583 3646 iu
607 3586 729 3649 oonsilio
749 3598 794 3649 est
815 3588 982 3650 aedilibus?
1002 3593 1117 3668 agmine
1140 3591 1216 3651 iacto

415 3669 582 3731 Debuerant
602 3671 669 3733 olim
690 3682 793 3733 tenues
814 3675 958 3751 migrasse
981 3673 1117 3749 Quirites.

415 3752 495 3815 Haud
513 3754 604 3816 iacile
628 3767 795 3835 emergunt,
819 3775 941 3837 quorum
962 3761 1113 3820 virtutibus
1137 3764 1233 3822 obstat

310 3971 423 4043 Q
