3434 4575
341 376 404 441 132
663 376 708 438 M.
723 375 816 438 VAL.
832 374 1057 436 MARTIALIS

827 577 893 638 XX.

427 698 536 758 Mutua
551 701 583 755 te
600 700 721 754 centum
738 695 901 770 sestertia,
923 693 1068 771 Phoebe,
1089 698 1215 775 rogavi,

469 781 545 841 (lum
560 780 635 839 mihi
650 777 780 838 dixisses
796 777 915 855 „engis
929 795 1004 854 ergo
1019 775 1145 836 ηἰὴίΓέιι

425 866 577 944 inquiris,
601 862 739 938 dubitas,
761 862 916 920 cunctaris
931 879 1042 939 meque
1059 860 1171 923 diebus

468 948 579 1027 Teque
594 946 703 1006 decem
718 946 852 1005 crucias:
872 946 932 1003 iam
949 964 1041 1022 rogo,
1060 945 1209 1026 Phoebe,
1235 967 1319 1027 nega

820 1076 900 1137 XXI.

427 1194 617 1274 Perpetuam
632 1190 749 1252 Stellae
766 1190 837 1250 dum
852 1191 952 1269 iungit
965 1189 1105 1251 Ianthida
1119 1194 1184 1252 vati

466 1277 564 1338 Laeta
577 1277 700 1354 Venus,
723 1273 800 1334 dixit
815 1273 911 1352 „Plus
927 1274 1001 1335 dare
1017 1294 1079 1334 non
1093 1276 1217 1355 potui.“

425 1362 511 1421 Haec
530 1380 633 1420 coram
648 1358 787 1433 domina3
809 1357 866 1418 sed
882 1360 1013 1438 nequius
1027 1357 1106 1418 illud
1119 1360 1153 1418 iu
1169 1379 1263 1420 aure:

468 1444 540 1522 „Tu
557 1463 598 1503 ue
614 1441 688 1522 quid
701 1461 825 1522 pecces,
840 1444 982 1521 exitione,
996 1441 1076 1504 vide.

405 1528 529 1608 bSaepe
545 1545 602 1606 ego
616 1526 761 1587 lasciuom
775 1525 910 1587 Martem
924 1525 1089 1587 furibunda
1104 1526 1226 1607 cecidi,

465 1612 635 1691 Legitimos
652 1617 736 1672 esset
750 1630 818 1671 cum
831 1629 924 1687 vagus
938 1617 1009 1671 ante
1024 1617 1119 1671 toros.

426 1695 490 1757 Sed
504 1703 664 1776 postquam
679 1714 765 1755 meus
780 1700 844 1771 est,
866 1692 949 1753 nulla
964 1714 1013 1754 me
1027 1692 1141 1774 pellice
1156 1693 1268 1757 laesit:

469 1781 547 1841 Tam
562 1781 645 1860 frugi
659 1781 733 1840 luno
745 1775 845 1838 vellet
858 1778 975 1838 habere
989 1778 1124 1840 lovem.“

425 1864 528 1943 Dixit,
550 1869 583 1925 et
598 1884 708 1924 arcano
722 1863 878 1944 percussit
890 1867 1020 1941 pectora
1031 1861 1109 1923 loro.

384 1958 420 2012 10
466 1947 563 2027 Plaga
577 1949 675 2009 iuvat:
695 1946 750 2008 sed
767 1951 801 2005 tu
816 1945 894 2024 iam,
918 1944 993 2025 dea,
1015 1964 1109 2027 parce
1124 1951 1191 2007 tuo.

814 2082 908 2143 XXII.

426 2191 517 2268 Quod
531 2193 637 2270 nubis,
659 2193 838 2270 Proculiua,
859 2195 1046 2270 concubino,

425 2277 467 2339 Et
480 2277 641 2337 moechum
656 2276 766 2357 modo,
787 2297 869 2338 nunc
883 2278 960 2338 facis
974 2278 1134 2355 maritum,

426 2361 473 2421 Ne
486 2359 539 2421 lex
552 2359 628 2421 Iulia
641 2367 673 2421 te
690 2367 799 2421 notare
812 2363 926 2441 possIt:

425 2443 495 2505 Non
509 2446 615 2523 nubis,
635 2443 817 2523 ProouIIna,
839 2443 896 2504 sed
914 2445 1033 2505 fateris.

811 2579 918 2641 XXIII.

426 2695 517 2756 Stare
531 2697 621 2756 iubes
634 2704 773 2758 nostrum
787 2713 912 2775 semper
926 2696 1000 2773 tibi,
1022 2695 1152 2773 Lesbia,
1173 2715 1305 2776 penem:

469 2779 572 2839 crede
585 2782 676 2858 mihi,
695 2801 757 2841 uon
772 2785 821 2840 est
835 2777 989 2856 mentula,
1010 2777 1093 2858 quod
1107 2777 1235 2858 digitus.

430 2861 479 2923 'I'u
493 2861 572 2923 licet
587 2871 620 2923 et
633 2866 771 2925 manibus
784 2862 908 2925 blandis
923 2869 956 2923 et
971 2864 1097 2923 vocibus
1111 2865 1227 2944 instes,

468 2947 517 3007 Te
532 2953 641 3007 contra
654 2949 750 3010 facies
763 2949 931 3029 Imperiosa
947 2953 1000 3007 tua
1015 2952 1072 3007 est.

809 3082 920 3146 XXIV.

425 3192 478 3254 Nil
490 3191 634 3254 lascisius
648 3200 697 3253 est
713 3195 910 3256 Charisiano:

427 3275 640 3339 Saturnalibus
655 3278 788 3340 ambulat
802 3284 933 3357 togatus.

809 3410 907 3475 XXV.

427 3520 631 3601 Marcelline,
652 3523 726 3583 boui
741 3521 865 3584 suboles
880 3525 1001 3585 sincera
1014 3526 1173 3605 parentis,

468 3605 606 3667 Horrida
621 3606 785 3667 Parrhasio
801 3627 893 3688 quem
911 3614 998 3669 tenet
1012 3628 1084 3669 ursa
1097 3609 1187 3688 iugo,

261 3811 399 4153 l
