3434 4575
410 473 430 532 4
844 479 957 527 iussu

410 625 495 686 Nilne
518 623 607 702 pudet
629 622 715 700 capiti
738 637 794 680 non
817 639 908 699 posse
931 621 1063 699 pericula
1087 641 1159 682 oeno

410 709 544 784 l'ellere,
570 708 636 785 quin
658 704 786 783 tepidum
808 704 867 765 hoo
890 715 974 783 optes
995 705 1094 765 audire
1117 710 1282 768 decenter?

410 793 539 867 Fures,
563 794 602 851 ait
623 790 726 856 Pedio;
748 788 854 848 Pedius
875 785 964 869 quid?
987 790 1104 850 crimina
1127 793 1200 850 rasis
1360 803 1395 856 85

410 876 508 937 Librat
531 878 559 934 in
583 874 745 948 antithetis,
771 872 873 933 doctas
897 874 1031 951 posuisse
1055 875 1162 951 figuras

410 960 568 1021 Laudatur:
593 960 703 1021 delium
723 958 797 1018 doc!
817 956 881 1016 lloo
898 954 1028 1017 bellum?
1051 975 1104 1034 an,
1122 958 1261 1034 Romule,
1282 958 1394 1018 oevesl

410 1044 486 1105 lien'
508 1051 623 1103 moueat
648 1043 755 1120 quippe
779 1050 822 1116 et,
850 1050 946 1101 cantet
968 1042 991 1100 si
1016 1042 1187 1120 naufragus,
1214 1060 1309 1102 assem

411 1125 641 1189 Protulerimle
625 1135 739 1200 cautas,
762 1143 847 1203 quum
870 1125 962 1186 fracta
982 1134 1011 1185 te
1034 1128 1063 1184 in
1087 1127 1170 1187 trabe
1192 1130 1299 1205 pictum

411 1211 458 1272 Ex
479 1212 600 1273 humero
624 1208 748 1288 portes?
769 1227 870 1268 verum
892 1228 948 1269 nee
972 1218 1059 1269 noete
1084 1220 1212 1289 paratum
1359 1223 1395 1276 90

411 1296 551 1371 l'lorabit‚
576 1296 653 1392 qui„-
644 1310 690 1353 me
714 1293 824 1380 volet
816 1311 983 1353 incurvasse
1006 1295 1147 1372 querella.
1162 1331 1204 1344 -

454 1380 513 1440 Sed
537 1358 668 1438 nume‘ris
687 1360 777 1438 deoor
801 1386 846 1437 est
873 1388 902 1437 et
928 1379 1057 1438 iunctura
1082 1378 1176 1439 addita
1201 1380 1344 1440 erudis·-

414 1463 557 1524 Glaudere
580 1464 623 1521 sio
644 1479 759 1520 versum
780 1461 893 1522 didicit:
919 1461 1121 1542 Berecyntius
1143 1461 1240 1532 Attis,-

412 1546 467 1607 Et:
489 1549 542 1626 qni
561 1547 738 1608 coeruleum
761 1547 924 1608 dirimebat
945 1545 1050 1609 Nereo
1071 1547 1213 1625 delphin,-

413 1633 477 1693 Sio:
500 1639 613 1692 eostam
633 1631 721 1708 lonqo
739 1631 942 1692 subduximus
963 1627 1155 1710 Appennino.
1359 1642 1394 1694 95

412 1713 511 1776 Arma
531 1718 647 1791 virum,
669 1731 765 1774 nonne
786 1714 843 1774 hoo
866 1733 1031 1792 spumosum
1057 1724 1087 1775 et
1108 1716 1218 1774 cortice
1239 1716 1349 1793 pingui,

412 1800 451 1861 Ut
471 1799 579 1861 ramale
600 1808 686 1858 vetus
709 1799 883 1878 praegrandi
905 1799 1011 1859 subere
1030 1796 1164 1859 coctum?
1176 1833 1218 1842 —

414 1884 554 1959 Quidnam
573 1884 675 1985 igqtum
671 1893 818 1953 tenerum
845 1892 874 1943 et
898 1883 963 1944 laxa
987 1886 1103 1943 eervioe
1124 1881 1299 1961 legendum?

416 1967 517 2031 Toron
537 1956 734 2030 munditenens
757 1968 920 2045 implerunt
943 1968 1072 2029 corneo
1066 1960 1211 2043 bombis,

413 2050 455 2114 ln
473 2060 595 2130 ruptum
614 2053 707 2114 uitulo
727 2061 820 2130 eaput
839 2053 984 2113 ablutura
1004 2052 1136 2129 superbo
1344 2064 1395 2114 loo

413 2136 564 2199 Bassaris
587 2145 615 2196 el
638 2138 755 2215 lyncem
777 2133 908 2196 Moenus
930 2133 1053 2212 flexura
1076 2136 1226 2214 corymbis

414 2219 534 2282 Euhion
552 2221 735 2298 innomine&
757 2219 945 2298 reparabilis
966 2221 1098 2279 adsonat
1118 2220 1213 2279 eodo?

413 2304 494 2364 llaeo
520 2304 638 2378 fierent,
661 2306 686 2363 si
709 2303 835 2363 testiculi
861 2321 934 2363 vena
963 2303 1021 2362 ulla
1045 2306 1156 2381 paterni

413 2388 535 2448 Viveret
560 2389 588 2445 in
612 2384 720 2447 nobis?
747 2404 853 2447 summa
878 2386 1012 2447 delumbe
1038 2387 1128 2447 saliva

413 2471 478 2531 lloo
502 2479 579 2532 natat
600 2472 629 2529 in
653 2471 757 2546 labris,
784 2480 813 2531 et
836 2472 865 2530 in
886 2472 943 2531 udo
965 2480 1010 2530 est
1031 2471 1148 2531 Maenas
1173 2479 1201 2530 et
1226 2470 1312 2545 Attis,
1343 2483 1393 2533 105

413 2554 478 2615 Neo
501 2555 629 2633 pluteum
652 2556 760 2632 caedit,
784 2574 839 2614 neo
863 2556 1013 2615 demorsos
1037 2558 1112 2634 sapit
1133 2572 1254 2631 ungues.
1270 2588 1311 2601 -

458 2640 517 2699 Sed
538 2639 605 2717 quid
632 2657 705 2717 opus
729 2649 843 2700 teneras
869 2640 997 2699 mordaoi
1019 2639 1123 2699 radere
1146 2656 1217 2698 vero

416 2719 591 2782 durioulas?
613 2725 680 2784 vide
705 2726 762 2801 sis,
785 2743 821 2784 ne
845 2725 983 2784 maiorum
1005 2723 1056 2783 tibi
1080 2723 1156 2783 forte

414 2804 521 2866 Limina
543 2806 716 2885 frigescant;
742 2818 825 2868 sonat
845 2809 893 2867 hio
918 2808 954 2868 de
977 2826 1046 2867 nare
1072 2809 1172 2867 oanina

414 2889 531 2950 Littera.
545 2924 587 2937 -
607 2891 663 2951 Per
684 2909 729 2951 me
749 2893 882 2971 equidem
903 2894 959 2951 sint
979 2893 1072 2951 omnia
1095 2893 1225 2969 protinus
1244 2890 1325 2958 alha;
1344 2903 1395 2953 110

415 2972 463 3034 Nil
489 2990 596 3033 moror.
621 2974 719 3053 Euge!
739 2993 856 3051 omnes,
883 2993 983 3035 omnes
1008 2975 1084 3035 bene
1104 2976 1192 3034 mirae
1217 2975 1296 3034 eritis
1320 2994 1380 3034 res.

415 3058 478 3117 lloo
489 3054 587 3139 iuuat?
619 3058 686 3134 llio,
706 3061 816 3137 inquis,
832 3069 899 3119 veto
918 3061 1068 3138 quisquam
1083 3058 1153 3119 laxit
1168 3054 1297 3118 oletum?

415 3141 505 3218 Pinge
529 3141 601 3201 duos
625 3160 751 3220 angues:
780 3145 878 3220 pueri,
903 3162 988 3203 saner
1012 3152 1057 3202 est
1079 3142 1177 3218 loeus,
1204 3150 1286 3201 extra

416 3224 530 3285 dleiite!
553 3225 683 3285 discedo.
707 3227 807 3286 Seouit
829 3226 955 3287 lucilius
976 3226 1087 3302 urbem,

417 3308 458 3367 Te
483 3307 578 3387 Lupe,
602 3318 631 3368 te
654 3308 747 3385 Muci,
773 3319 802 3369 et
822 3314 976 3388 genuinum
997 3311 1085 3387 lregit
1108 3311 1135 3367 in
1161 3308 1233 3376 illis;
1343 3320 1393 3371 115

417 3388 507 3451 Omne
530 3394 613 3453 valer
635 3396 732 3453 vitium
754 3394 857 3454 ridenti
879 3393 1002 3455 Flaoous
1026 3395 1117 3453 amico

417 3472 519 3551 Tangit
542 3486 571 3536 et
592 3478 731 3538 admissus
755 3479 862 3537 circum
885 3479 1057 3557 praecordia
1079 3477 1160 3551 ludit,

418 3555 545 3619 Callidus
574 3578 698 3622 excusso
718 3562 857 3641 populum
881 3563 1061 3640 suspendere
1085 3576 1171 3620 naso:

416 3635 492 3697 llen'
509 3648 622 3705 muttire
641 3644 743 3706 neias‘?
763 3646 927 3720 neoniam,
947 3637 1212 3719 neooumsorohe,
1233 3638 1391 3718 nusquam?

414 3722 470 3784 llic
491 3734 585 3788 tamen
608 3730 756 3791 infodiam:
781 3730 855 3805 vidi,
880 3730 968 3789 vidi
960 3747 1040 3808 rpse,
1060 3726 1176 3787 libelle:
1341 3732 1393 3786 llo
