3434 4575
354 343 417 407 248
677 343 721 402 M.
737 342 830 403 VAL.
846 340 967 402 MART
969 340 1075 402 lALlS

437 497 479 555 Et
492 513 595 554 secum
610 496 753 553 comitem
769 494 873 552 trahet
887 493 1047 573 pudorem.

438 579 569 658 Semper
582 581 749 658 pauperior
763 577 847 636 redit
861 584 1008 657 potestas.

416 662 529 722 5Felix
544 663 696 722 auriferae
712 662 821 721 colone
836 669 957 738 terrae,

436 748 603 806 Rectorem
617 767 710 805 vacuo
726 747 795 805 sinu
808 747 951 805 remittes

438 831 628 910 Optabisque
644 850 760 905 moras,
783 836 815 888 et
832 837 996 890 exeuntem

437 914 506 974 Udo
523 913 659 973 Dalmata
673 913 783 992 gaudio
799 915 950 992 sequeris.

437 999 500 1058 Nos
515 997 637 1075 Celtas,
655 999 779 1073 Macer,
800 1004 832 1056 et
844 1005 948 1057 truces
963 999 1099 1060 Hiberos

398 1083 516 1144 iocum
530 1081 686 1141 desiderio
703 1083 747 1141 tui
761 1089 913 1161 petemus.

438 1166 502 1226 Sed
517 1184 718 1244 quaecunque
734 1173 834 1225 tamen
849 1165 971 1225 feretur
988 1163 1075 1224 illinc

437 1251 556 1310 Piscosi
574 1249 687 1309 calamo
704 1249 783 1326 Tagi
797 1255 919 1326 notata,

438 1335 577 1394 Macrum
591 1335 701 1412 pagina
717 1340 824 1391 nostra
838 1333 1016 1392 nominabit.

438 1417 489 1476 Sic
504 1419 587 1475 inter
602 1425 725 1476 veteres
739 1415 826 1493 legar
840 1423 964 1495 poetas,

396 1501 501 1562 15Nec
516 1498 628 1559 multos
643 1501 718 1559 mihi
732 1500 893 1579 praeferas
907 1501 1047 1579 priores,

437 1585 506 1644 Uno
522 1584 577 1643 sed
594 1585 650 1644 tibi
665 1586 722 1644 sim
736 1586 836 1644 minor
851 1583 981 1642 Catullo.

808 1718 943 1777 LXXIX.

437 1831 487 1892 Ad
501 1831 635 1911 lapidem
650 1831 826 1908 Torquatus
841 1831 937 1890 hahet
950 1831 1107 1911 praetoria
1123 1844 1293 1910 quartum

479 1914 529 1974 Ad
545 1923 686 1994 quartum
702 1916 796 1974 breve
813 1935 866 1973 rus
881 1917 956 1974 emit
971 1911 1133 1976 Otacilius.

440 1999 617 2077 Torquatus
632 1997 745 2057 nitidas
760 2000 844 2057 vario
864 1998 903 2058 de
919 2016 1070 2057 marmore
1086 1999 1229 2059 thermas

479 2083 639 2154 Extruxit3
662 2100 816 2139 cucumam
830 2082 908 2141 fecit
923 2080 1082 2142 Otacilius.

416 2165 598 2242 5Disposuit
612 2162 775 2240 daphnona
789 2183 843 2222 sno
862 2165 1037 2243 Torquatus
1053 2166 1088 2224 in
1103 2185 1200 2243 agr03

480 2247 646 2306 Castaneas
662 2252 784 2307 centum
799 2249 878 2308 sevit
892 2248 1048 2310 Otacilius.

441 2328 575 2390 Consule
590 2331 750 2408 Torquato
766 2334 825 2391 vici
842 2334 903 2393 fuit
916 2334 970 2394 ille
985 2332 1149 2411 magister,

480 2414 509 2473 N
511 2434 549 2472 on
564 2417 664 2474 minor
678 2417 710 2474 in
727 2422 814 2475 tanto
829 2419 911 2477 visus
925 2418 1044 2476 honore
1058 2418 1129 2478 sihi.

437 2498 571 2559 Grandis
585 2506 620 2558 ut
635 2501 772 2578 exiguam
787 2502 845 2561 bos
856 2521 962 2561 ranam
977 2506 1104 2580 ruperat
1118 2501 1213 2580 olim,

394 2591 428 2643 10
478 2583 545 2661 Sic,
566 2593 658 2664 puto,
679 2585 856 2663 Torquatus
871 2592 994 2664 rumpet
1007 2584 1184 2647 Otacilium.

812 2718 934 2779 LXXX.

436 2829 543 2889 Plorat
556 2830 653 2904 Eros,
677 2831 818 2905 quotiens
833 2830 1006 2889 maculosae
1019 2827 1131 2907 pocula
1147 2850 1276 2895 murrae

478 2912 621 2990 inspicit,
643 2918 694 2969 aut
708 2930 822 2990 pueros
838 2912 1010 2973 nobiliusve
1030 2914 1160 2990 citrum,

436 2995 478 3054 Et
494 2995 625 3072 gemitus
640 2995 702 3054 imo
718 2995 802 3054 ducit
817 2997 856 3055 de
873 3005 1018 3076 pectore,
1041 2995 1124 3074 quod
1138 3016 1203 3058 nou

480 3077 561 3137 Tota
575 3080 670 3138 miser
685 3081 803 3139 coemat
817 3080 913 3160 Septa
929 3082 1070 3158 feratque
1086 3078 1223 3145 domum.

414 3160 535 3237 aQuam
550 3164 638 3222 multi
653 3163 787 3240 faciunt,
810 3165 894 3243 quod
908 3166 1005 3241 Eros,
1027 3163 1082 3223 sed
1096 3162 1216 3227 lumine
1233 3165 1336 3229 sicco!

477 3245 554 3305 Pars
569 3248 666 3305 maior
679 3245 822 3307 lacrimas
837 3247 922 3307 ridet
936 3257 969 3309 et
982 3251 1064 3308 intus
1078 3248 1185 3309 hahet.

829 3380 964 3443 LXXXI.

436 3493 512 3553 Cum
530 3493 590 3552 duo
605 3497 762 3555 venissent
777 3495 815 3554 ad
829 3494 973 3572 Phyllida
988 3513 1075 3556 mane
1089 3494 1229 3560 fututum

475 3578 517 3637 Et
532 3577 643 3637 nudam
659 3587 789 3658 cuperet
803 3597 924 3639 sumere
942 3587 1074 3658 uterque
1088 3582 1197 3661 prior,
