3434 4575
585 452 927 515 EPIGRAMMATON
937 455 1010 520 LlB.
1024 457 1076 519 Vl.
1292 455 1354 517 139

398 607 467 665 Hoc
481 604 520 666 (le
534 602 662 685 palmite
676 603 808 665 laeseris
824 624 981 684 racemos,

360 690 567 765 leascetur,
583 687 659 749 licet
674 690 733 748 hoc
747 687 825 749 velis
839 708 971 767 negare,

396 775 516 834 Inserta
529 774 587 833 tibi
600 774 676 833 ficus
692 794 709 832 a
724 791 881 853 cupressu.

819 920 854 981 L.

398 1036 474 1097 Cum
487 1031 607 1094 coleret
620 1052 716 1112 puros
730 1050 848 1112 pauper
865 1032 1031 1094 Telesinus
1046 1033 1176 1114 amicos,

439 1121 572 1180 Errabat
585 1114 688 1195 gelida
700 1115 844 1177 sordidus
855 1116 888 1174 in
901 1114 1016 1195 togula.

398 1203 557 1263 Obscenos
572 1220 610 1260 ex
624 1219 683 1279 quo
699 1200 803 1279 coepit
818 1218 928 1260 curare
943 1200 1105 1281 cinaedos,

440 1287 629 1364 Argentum,
650 1302 790 1357 mensas,
810 1282 938 1363 praedia
953 1282 1035 1344 solus
1049 1287 1134 1348 emit.

374 1371 452 1442 svis
466 1370 537 1429 lieri
552 1367 654 1444 dives,
675 1366 856 1446 Bithynice,
880 1369 1021 1428 conscius
1035 1374 1113 1431 esto.

438 1452 489 1513 Nil
503 1453 561 1513 tibi
574 1451 624 1512 vel
640 1452 795 1510 minimum
810 1452 895 1510 basia
910 1470 987 1531 pura
1003 1450 1127 1515 dabunt.

808 1613 856 1672 Ll.

398 1724 487 1802 Quod
502 1725 671 1785 convivaris
686 1727 753 1785 siue
768 1743 817 1784 me
833 1730 896 1783 tam
911 1743 1022 1804 saepe,
1043 1725 1203 1807 Luperce,

442 1810 563 1886 Inveni,
583 1826 712 1868 noceam
730 1828 789 1887 qua
803 1808 925 1867 ratione
942 1809 1009 1869 tibi.

396 1894 532 1970 irascor,
552 1889 630 1952 licet
644 1910 742 1970 usque
757 1909 849 1951 voces
862 1892 1028 1970 mittasque
1047 1910 1209 1972 rogesque.

439 1976 546 2055 „Quid
561 1975 702 2036 ΐειοίθιὶ*ιι
721 1975 834 2054 inquis.
867 1973 949 2050 Quid
961 1975 1095 2035 faciam?
1116 1978 1245 2040 veniam.

805 2136 868 2198 Lll.

397 2249 466 2309 lloc
480 2249 563 2308 iacet
576 2247 609 2307 iu
623 2245 740 2308 tumulo
755 2253 862 2327 raptus
875 2246 1047 2330 puerilibus
1061 2251 1149 2312 anuis

438 2332 661 2411 Pantagathus,
682 2331 797 2392 domini
812 2352 885 2392 cura
900 2329 1052 2411 dolorque
1066 2336 1130 2412 sui,

397 2418 458 2479 Vix
473 2422 620 2494 tangente
634 2434 727 2493 sagos
742 2415 829 2475 ferro
844 2433 990 2475 resecare
1005 2416 1134 2497 capillos

440 2501 556 2559 Doctus
573 2506 605 2559 et
618 2500 753 2559 hirsutas
767 2498 940 2559 excoluisse
955 2517 1058 2577 genas.

372 2584 447 2646 bsis
462 2581 556 2658 licet,
578 2589 614 2642 ut
630 2581 742 2659 debes,
765 2580 876 2661 tellus,
898 2580 1019 2662 placata
1032 2581 1190 2665 levisque,

439 2668 577 2727 Artificis
590 2665 690 2726 levior
703 2686 765 2725 non
781 2671 873 2746 potes
891 2683 960 2736 esse
975 2686 1074 2729 mauu.

794 2814 869 2873 Llll.

398 2930 493 2989 Lotus
506 2930 665 2990 nobiscum
681 2937 746 3008 est,
767 2928 877 2991 hilaris
892 2933 1026 3011 cenavit,
1048 2940 1081 2994 et
1093 2930 1177 2993 idem

439 3014 583 3074 Iuventus
597 3033 687 3074 mane
702 3020 751 3074 est
764 3022 904 3075 mortuus
919 3016 1125 3097 Andragoras.

398 3096 476 3157 'Pam
490 3100 610 3159 subitae
624 3100 733 3159 mortis
751 3119 887 3178 oausam,
909 3098 1072 3181 Faustina,
1093 3101 1253 3182 requiris?

439 3181 472 3240 lu
489 3184 604 3242 somnis
618 3181 770 3244 medicum
785 3183 907 3244 viderat
920 3186 1156 3247 Hermocraten.

794 3331 873 3393 LlV.

398 3440 517 3501 Tantos
533 3447 566 3501 et
584 3448 684 3502 tantas
703 3444 729 3502 si
745 3441 851 3502 dicere
869 3440 1088 3522 Sextilianum,

440 3524 540 3603 Aule,
561 3531 666 3603 vetes,
687 3526 796 3603 iunget
810 3526 858 3584 vix
875 3526 936 3584 tria
951 3528 1045 3587 verba
1061 3526 1164 3587 miser.

398 3607 504 3687 „Quid
518 3609 577 3667 sibi
592 3607 703 3669 vult?“
717 3610 829 3688 inquis.
858 3607 982 3687 Dicam,
1006 3609 1081 3688 quid
1094 3611 1234 3692 suspicer
1248 3628 1336 3671 esses

441 3692 559 3752 Tantos
575 3699 608 3753 et
621 3699 721 3754 tantas
737 3690 924 3755 Sextilianus
937 3699 1026 3757 amat.
