3434 4575
373 483 459 534 svm
762 484 973 534 Panaenum.

369 632 530 703 disputatione
542 629 718 685 emendandum
735 638 787 697 est,
805 638 833 685 ut
843 646 867 685 r.
881 632 930 695 75,
948 631 972 686 iu
989 647 1037 704 quo
1054 638 1113 689 tuuc
1124 632 1359 706 uterquerulgatsm

370 716 497 772 rmtionem
507 713 674 787 sequebamur,
686 715 734 770 mm
745 730 801 770 cum
812 713 895 769 lahnio
911 714 1018 771 llercmii
1030 717 1149 772 medelam
1160 716 1263 787 amplexi
1275 715 1359 774 Ombi-

369 809 447 856 tarum
464 806 490 855 et
500 799 676 871 Tentyritarum
701 806 782 870 partes
799 806 978 869 permutemus,
1000 815 1123 873 quumque
1139 801 1195 856 illos
1210 801 1358 858 crocodilum

369 885 486 949 coluisse,
497 883 543 939 bos
554 883 719 955 perhorruisse
731 891 825 939 certum
835 884 881 948 sit,
895 883 991 939 illorum
1001 886 1083 955 potius
1094 885 1159 940 diem
1172 885 1261 940 festum
1271 885 1302 940 ab
1313 886 1358 951 his,

369 985 416 1024 nou
435 969 522 1024 bonnm
543 967 573 1024 ab
585 969 631 1023 illis
646 968 769 1023 turbatum
784 983 863 1040 neque
875 965 985 1023 Ombitas
998 984 1012 1023 a
1023 969 1153 1041 Tentyritis
1168 969 1210 1024 sed
1224 969 1359 1042 Tentyritas

242 1086 254 1099 ·
369 1051 510 1109 ubOmbitis
521 1054 618 1125 togatos
630 1067 684 1107 esse
693 1059 842 1115 statuamusr
856 1053 889 1107 ita
899 1067 956 1107 vero
966 1053 1038 1107 etiarn
1050 1052 1197 1124 probabilior
1208 1061 1294 1124 poetae
1305 1072 1359 1112 nar·

369 1139 428 1193 ratio
440 1139 535 1198 existet
547 1154 593 1205 qua
605 1144 733 1209 postquam
744 1138 879 1193 universam
888 1140 1061 1209 Aegyptiarum
1078 1138 1224 1210 religionum
1241 1138 1358 1196 insaniam

367 1223 459 1277 notavit
470 1223 508 1287 (r.
523 1228 582 1279 1-
590 1224 654 1290 ab),
671 1229 795 1276 cruentam
806 1222 883 1275 rixam
903 1234 933 1275 ex
945 1222 1035 1276 mutuis
1051 1222 1181 1277 earundem
1199 1222 1261 1278 odiis
1277 1225 1358 1280 oriun-

368 1307 423 1362 dam
432 1307 531 1377 exponit
543 1308 579 1372 (v.
589 1309 623 1364 ll
631 1335 673 1345 —
680 1309 744 1374 76).
764 1306 834 1361 errius
845 1304 885 1361 bic
896 1308 975 1361 exitus
986 1306 1072 1368 luerit,
1085 1315 1114 1362 ut
1123 1307 1228 1362 victores
1239 1323 1315 1363 unum
1328 1324 1357 1365 ex

368 1391 444 1455 vietis,
459 1406 532 1462 quem
542 1391 623 1445 vivum
634 1388 763 1460 cepissent,
777 1390 890 1445 manibus
901 1391 952 1445 suis
963 1390 1111 1461 discerptum
1122 1391 1264 1447 devorarent
1275 1393 1312 1458 (v.
1323 1397 1355 1453 77

368 1478 463 1543 -91)
482 1489 557 1546 eaque
569 1491 595 1529 re
606 1475 698 1529 lacinus
717 1475 830 1540 ederent,
849 1476 888 1529 cui
906 1475 1035 1530 similaris
1054 1477 1157 1530 terarum
1175 1477 1287 1548 gentium
1306 1493 1354 1532 me-

367 1560 442 1614 moria
459 1560 584 1614 dirissimis
601 1558 752 1629 temporibus
768 1566 851 1614 nosset
873 1559 909 1625 (v.
926 1563 1097 1629 93-115),
1114 1559 1288 1616 humanitatem
1300 1578 1355 1616 vero

366 1645 430 1716 quod
450 1644 529 1715 magis
545 1644 645 1698 uiolaret
662 1644 760 1698 inveniri
781 1644 839 1699 nihil
859 1653 943 1714 posset
966 1643 1008 1710 (v.
1022 1648 1072 1702 116
1084 1675 1117 1684 -
1130 1648 1210 1713 174).
1239 1644 1355 1700 Incertior

365 1736 448 1784 mue
458 1729 564 1784 decim
576 1728 647 1800 origo
664 1735 713 1793 cst,
732 1743 804 1800 quam
815 1729 857 1801 qui
876 1727 1032 1798 exploderent
1051 1727 1216 1800 luvenalisque
1231 1744 1287 1784 esse
1304 1731 1356 1785 uul-

366 1814 429 1875 lent,
449 1815 496 1868 iam
509 1813 636 1867 scholiasta
648 1819 728 1875 nout;
740 1812 842 1868 eandem
851 1820 933 1868 tanam
949 1811 970 1867 si
981 1811 1117 1867 inchoatam
1134 1829 1183 1868 uon
1195 1813 1331 1869 absolutam
1342 1831 1355 1868 a

366 1907 436 1968 poeta
447 1907 597 1962 statuamus,
610 1911 640 1951 ue
652 1896 716 1952 illius
726 1897 822 1968 quidem
833 1897 926 1969 ingenii
936 1896 1045 1969 uestigiis
1056 1912 1138 1952 carere
1148 1899 1208 1952 scite
1220 1897 1248 1974 G.
1261 1897 1289 1952 li,
1297 1899 1355 1952 We

367 1982 438 2037 herus
446 1982 470 2036 iu
481 1980 511 2036 N.
525 1981 608 2037 drrual.
622 1981 845 2042 1811111111.
859 1997 883 2052 p.
895 1987 947 2039 150
956 1996 1007 2052 sqq.
1020 1981 1196 2038 animadvertit.
1223 1983 1281 2054 ugit
1291 1984 1355 2038 enim

366 2067 397 2121 de
407 2066 613 2122 commodissime
624 2066 747 2132 militaris,
762 2066 848 2120 sedita
860 2065 1175 2122 utintersimulatashuius
1192 2067 1276 2122 laudes
1286 2083 1354 2138 prae-

366 2151 436 2221 cipue
452 2150 510 2205 iuris
528 2151 677 2222 iniquitatem
695 2150 830 2213 dosmbat,
847 2165 896 2222 qua
913 2151 1002 2221 pagani
1020 2165 1076 2204 cum
1096 2149 1212 2206 militibus
1222 2153 1355 2222 comparati

365 2234 547 2307 premebantur
558 2234 623 2307 quod
634 2235 741 2309 nisiquis
754 2234 842 2291 m
852 2234 1074 2293 mentiouemv.3a
1085 2235 1242 2306 seuispoetae
1252 2251 1355 2307 persona

364 2323 493 2378 abhorrere
510 2319 643 2386 censuerit,
666 2335 744 2392 neque
761 2322 784 2376 in
801 2328 947 2393 argumento
969 2334 1048 2392 neque
1065 2320 1089 2374 in
1105 2321 1256 2392 singularum
1274 2338 1353 2377 rerum

365 2407 506 2462 tractatione
518 2404 648 2477 quidquam
659 2405 777 2472 inueniet,
789 2405 854 2477 quod
865 2405 938 2460 scribi
953 2403 982 2459 ab
999 2404 1047 2458 hoc
1057 2405 1165 2475 potuisse
1176 2414 1243 2460 recte
1254 2414 1337 2479 neget

449 2492 566 2546 luvenalis
583 2490 669 2546 satiras
679 2489 836 2561 sequentihus
852 2505 948 2561 quoquc
960 2489 1049 2544 seculis
1067 2489 1184 2559 placuisse
1195 2490 1286 2563 insigni
1296 2495 1353 2546 Am·

365 2576 437 2631 miani
447 2574 577 2630 llarcellini
589 2575 728 2629 testimonio
740 2574 926 2646 cognoscimus.
938 2574 979 2644 qui
989 2573 1095 2629 llllVlll.
1108 2578 1126 2631 4
1141 2573 1179 2628 vel
1190 2575 1231 2646 qui
1247 2576 1353 2648 alioquin

364 2661 485 2716 doctrinar
502 2660 825 2725 mmmmm,
842 2656 976 2714 tuomum
991 2656 1350 2715 ammorhaeorum·

363 2746 424 2800 tiore
434 2745 513 2799 stadio
526 2744 603 2800 leoere
613 2751 706 2806 narrat,
725 2744 793 2799 mrito
812 2743 932 2798 ocdoadum
944 2750 1043 2815 prode
1057 2742 1115 2797 boec
1132 2742 1160 2797 iu
1166 2744 1292 2815 profundo
1306 2745 1353 2799 otio

363 2837 547 2889 murmurum:
564 2844 610 2883 uec
625 2830 647 2883 si
663 2827 709 2883 hos
726 2830 790 2883 idem
808 2827 956 2897 turpitudine
974 2828 1054 2897 potius
1071 2835 1272 2898 argumentorum
1289 2829 1353 2884 allici

363 2913 485 2985 significat
496 2916 581 2987 (ᾳιιωιι
590 2912 619 2969 ob
629 2929 734 2976 αιιιιιιιιι,
744 2930 794 2967 uon
804 2912 913 2967 &dimoti
922 2918 958 2966 est
967 2911 1066 2980 nostr),
1080 2912 1139 2966 alios
1150 2913 1273 2967 mersor-ios
1283 2913 1354 2969 dirue

262 2982 266 2991 ’
362 2999 476 3073 pudorem
495 3014 520 3051 ιιι
538 3013 568 3053 eo
579 2997 728 3055 drudorum
743 2996 849 3051 ostendit
869 2995 943 3051 Rutil.
955 2994 1049 3051 Namat.
1061 2995 1142 3054 ltiner.
1161 2994 1259 3057 1.604;
1277 2998 1353 3053 immo

363 3099 395 3139 ue
403 3082 469 3137 taciti
479 3083 576 3154 qrridem
588 3082 680 3138 nomirn'
704 3082 873 3136 auctoritatem
891 3080 998 3135 emditos
1009 3080 1102 3151 fugisse
1113 3078 1250 3134 llacrobius
1262 3084 1352 3153 arguit.

363 3166 496 3239 quiSomu.
507 3165 624 3237 Scip.l.8
633 3166 741 3221 decimae
750 3166 839 3220 satirae
848 3164 920 3219 verbu
931 3165 1023 3220 nmedut
1033 3164 1115 3227 orsu,
1129 3164 1281 3237 utpiutoihil
1290 3175 1352 3221 tam·

363 3267 435 3324 quam
445 3252 521 3324 vulgo
537 3259 594 3306 nota
606 3257 721 3320 usurpat:
732 3258 807 3321 utque
818 3250 991 3321 grammaticos
1002 3250 1104 3311 mittum,
1116 3248 1189 3302 etiam
1201 3249 1281 3304 medio
1293 3267 1353 3306 aero

362 3352 436 3407 quum
454 3336 484 3391 ab
501 3335 554 3390 aliis
569 3333 741 3406 scriptoribus,
761 3334 825 3390 Beda
837 3333 985 3399 Venerabili,
1003 3332 1164 3402 liutprando,
1183 3333 1276 3389 ddamo
1293 3335 1352 3390 Bre-

364 3422 438 3475 mensi
452 3421 540 3491 passim
551 3420 667 3483 laudatur,
679 3427 732 3474 tum
743 3434 758 3474 a
768 3418 857 3474 loanue
864 3416 1033 3473 sarisberiensi
1050 3417 1083 3471 ita
1094 3416 1144 3471 iere
1157 3428 1313 3487 memoratur,
1326 3428 1352 3476 ut

362 3502 465 3575 simplici
486 3504 557 3560 etls'ci
573 3503 759 3575 nominerulgo
781 3512 867 3558 notum
884 3502 957 3558 luisse
973 3501 1147 3572 intelligamus.
1180 3500 1270 3557 Verium
1286 3505 1350 3559 enim

362 3603 419 3643 vero
432 3590 476 3643 hos
484 3604 569 3643 omnes
579 3605 628 3645 nou
639 3603 809 3660 usquequaque
816 3584 1055 3642 eundemverhomrm
1061 3593 1172 3641 tenorem
1182 3586 1281 3659 legisse,
1292 3604 1350 3659 qua-

363 3673 392 3727 lis
408 3689 439 3727 ers
450 3682 536 3743 poetae
547 3673 809 3744 mudbusprodiisset,
826 3672 900 3727 certis
915 3669 1024 3741 resumis
1043 3677 1152 3733 constatr
1169 3686 1230 3745 qnae
1248 3672 1350 3727 dubitari

362 3772 411 3813 non
423 3768 504 3814 unuut
516 3759 574 3831 quin
589 3761 663 3816 etiam
679 3766 774 3831 praeter
790 3757 875 3814 solitos
893 3755 1043 3812 librariorum
1060 3769 1167 3820 errores,
1183 3772 1286 3829 quorum
1303 3758 1349 3812 iam

363 3844 546 3924 palimpsestum
566 3844 725 3923 antiquissimi
740 3842 832 3903 codicis
855 3842 1020 3913 mmmmm
1044 3840 1108 3911 opud
1123 3842 1188 3914 hog.
1211 3840 1259 3900 liai
1273 3840 1346 3901 Clare
