3434 4575
361 461 425 524 254
563 462 607 521 M.
623 462 714 523 VAL.
728 461 954 523 MARTIALIS
968 464 1102 526 EPIGR.
1114 466 1152 527 L.
1168 468 1208 528 Χ.

447 613 634 691 Gaditanus,
657 614 765 691 Avito,
787 614 871 673 dicat
884 614 984 693 istud,

448 698 507 773 Qui
522 698 632 757 scribit
646 695 726 757 nihil
742 703 775 757 et
792 702 894 756 tamen
912 707 1005 777 poeta
1018 704 1075 760 cst.

840 830 917 891 0111.

445 944 637 1024 Municipes,
659 945 796 1023 Augusta
811 945 887 1003 mihi
903 963 980 1023 quos
996 942 1120 1005 Bilbilis
1135 949 1202 1007 acri

486 1027 596 1087 Monte
611 1034 716 1106 creat,
737 1026 853 1107 rapidis
869 1046 960 1106 quem
976 1027 1047 1089 Salo
1063 1030 1160 1107 cingit
1175 1035 1285 1113 aquis,

444 1109 568 1189 Ecquid
580 1109 662 1171 laeta
675 1112 758 1171 iurat
772 1113 868 1170 vestri
885 1130 938 1170 vos
954 1110 1053 1190 gloria
1067 1114 1167 1173 vatis?

486 1196 562 1253 Nam
577 1193 672 1254 decus
688 1200 722 1255 et
735 1213 846 1254 nomen
861 1194 1002 1273 famaque
1019 1201 1122 1255 vestra
1137 1218 1262 1280 sumus,

422 1277 511 1339 bNec
526 1298 580 1341 sua
593 1276 664 1357 plus
677 1277 772 1338 debet
787 1279 874 1338 tenui
889 1277 1013 1340 Verona
1031 1278 1154 1341 Catullo

486 1362 604 1440 Meque
618 1360 694 1422 velit
708 1362 770 1421 dici
785 1381 848 1422 non
862 1361 961 1420 minus
974 1360 1030 1422 illa
1044 1381 1139 1423 suum.

445 1447 597 1521 Quattuor
611 1447 742 1505 accessit
756 1446 911 1504 tricesima
926 1447 1076 1505 messibus
1092 1454 1204 1526 aestas,

486 1529 531 1588 Ut
544 1530 611 1588 sinc
626 1546 676 1587 me
692 1529 802 1588 Cereri
816 1530 932 1588 rustica
944 1528 1009 1589 liba
1024 1528 1111 1591 datis.

445 1611 570 1672 Moenia
587 1611 658 1671 dum
674 1611 801 1672 colimus
817 1609 958 1672 dominae
972 1612 1181 1692 pulcherrima
1194 1615 1336 1698 Romae,

402 1706 436 1758 10
485 1695 647 1755 Mutavere
662 1714 745 1755 meas
759 1693 836 1756 ltala
851 1715 948 1774 regua
966 1716 1074 1756 comas.

447 1780 598 1859 Excipitis
612 1778 734 1860 placida
745 1778 893 1840 reducem
908 1780 934 1838 si
948 1786 1068 1858 mente,
1087 1780 1247 1857 venimus3

485 1864 604 1942 Aspera
622 1865 649 1923 si
663 1865 771 1942 geritis
787 1862 898 1941 corda,
917 1862 1024 1923 redire
1040 1862 1123 1924 licet.

845 1997 922 2059 clv.
1046 1983 1049 1991 ’

443 2110 578 2172 inostro
594 2131 714 2190 comes,
734 2109 886 2188 ilibelle‚
909 2110 1002 2170 Flavo

442 2195 579 2273 Longum
593 2214 651 2274 per
665 2214 767 2272 mare,
788 2193 844 2254 sed
861 2194 992 2255 faventis
1005 2193 1122 2273 undae,

441 2278 483 2340 Et
498 2299 589 2339 cursu
601 2278 687 2340 facili
700 2280 823 2357 tuisque
838 2279 938 2337 ventis

444 2363 601 2441 Hispanae
614 2369 689 2442 pete
704 2362 890 2421 Tarraconis
906 2381 1001 2422 arces.

423 2443 536 2508 assiinc
550 2453 583 2505 te
598 2452 667 2506 ruta
679 2443 772 2505 tollet
786 2450 818 2504 et
834 2447 945 2506 citatus

442 2527 545 2587 Altam
559 2527 687 2589 Bilbilin
701 2535 734 2589 et
747 2535 831 2590 tuum
848 2528 992 2589 Salonem

444 2612 557 2689 Quinto
571 2613 703 2672 forsitan
717 2612 827 2674 essedo
841 2613 970 2672 videbis.

443 2696 525 2771 Quid
539 2695 680 2757 mandem
695 2699 770 2775 tibi,
794 2697 939 2776 quaeris?
969 2696 1011 2756 Ut
1027 2692 1149 2755 reddes

442 2780 576 2859 Paucos,
598 2779 655 2841 sed
668 2787 792 2842 ueteres
810 2786 842 2840 et
856 2786 927 2840 ante
941 2781 1063 2839 brumas

400 2864 584 2943 ltTriginta
598 2866 673 2924 mihi
691 2870 897 2944 quattuorque
909 2864 990 2924 uisos

440 2947 509 3027 lpsa
523 2949 664 3026 protinus
679 2969 696 3007 a
709 2950 757 3007 via
771 2946 888 3007 salutes

440 3031 482 3090 Et
495 3036 634 3090 nostrum
649 3031 812 3091 admoneas
827 3030 960 3091 subinde
975 3027 1118 3109 Flavum,

440 3113 590 3175 iucundos
603 3116 679 3174 mihi
694 3134 752 3175 uec
767 3113 941 3175 laboriosos

442 3197 589 3259 Secessus
602 3200 705 3279 pretio
721 3204 811 3279 paret
826 3197 959 3276 salubri,

398 3293 433 3346 15
442 3283 501 3358 Qui
514 3284 635 3363 pigrum
649 3284 765 3343 faciant
777 3287 864 3341 tuum
878 3288 1050 3361 parentem.

439 3367 526 3426 llaec
543 3371 623 3426 sunt.
650 3368 710 3426 lam
725 3365 859 3425 tumidus
874 3371 962 3426 vocat
976 3366 1122 3444 magister

441 3450 639 3529 Castigatque
654 3469 771 3527 moras,
793 3454 826 3510 et
841 3469 914 3508 aura
924 3454 1047 3528 portum

439 3534 564 3593 Laxavit
578 3532 707 3608 melior;
727 3530 812 3611 vale,
834 3531 959 3592 libelle:

439 3617 570 3696 Navem,
591 3618 651 3678 scis
668 3624 760 3698 puto,
781 3635 845 3677 non
861 3622 999 3677 moratur
1012 3634 1097 3676 unus.
