3434 4575
536 472 873 568 EPIGRAMMA'ION
889 471 962 534 LIB.
980 473 1058 536 XIII.
1256 472 1318 536 815

617 671 722 731 LXXI·
744 671 988 763 Phoenicopteri.

363 789 423 847 Dat
438 788 514 846 mihi
526 788 619 866 pinna
633 787 749 845 rubens
763 805 892 865 nomen,
916 786 972 846 sed
985 785 1089 865 liugua
1103 785 1218 865 gulosis

405 871 519 931 Nostra
533 870 621 949 sapit.
652 868 735 945 Quid
748 871 775 929 si
790 868 1034 949 garrulalingua
1047 870 1155 930 iuret?
1174 914 1189 925 ..

654 993 773 1056 LXXII.
795 995 951 1057 Phasiani.

363 1096 467 1172 Argoa
479 1094 611 1173 primum
626 1111 693 1151 sum
708 1099 918 1171 transportata
932 1095 1050 1154 carina:

404 1178 486 1237 Ante
503 1178 578 1235 mihi
592 1182 698 1235 notum
712 1173 759 1234 nil
772 1177 832 1236 nisi
847 1177 956 1237 Phasis
972 1184 1047 1238 erat.

624 1302 756 1364 LXXIII.
779 1300 972 1365 Numidicae.

336 1400 338 1403 ’
364 1402 485 1461 Ansere
498 1398 636 1459 Romano
654 1401 788 1478 quamvis
804 1406 890 1460 satur
902 1389 1058 1461 Hannibal
1073 1406 1175 1479 esset,

403 1486 473 1565 Ipse
488 1502 557 1543 snas
572 1502 727 1561 nunquam
743 1485 891 1544 barbarus
907 1484 974 1544 edit
987 1504 1067 1547 aves.

642 1609 777 1671 LXXIV.
803 1614 950 1673 Anseres.

361 1705 448 1764 Haec
463 1706 596 1764 servavit
609 1706 671 1763 avis
684 1704 821 1784 Tarpeia
833 1705 949 1785 templa
964 1707 1125 1771 Tonantis.

405 1788 554 1848 Miraris?
583 1784 725 1846 Nondum
737 1788 858 1848 fecerat
872 1787 928 1848 illa
942 1788 1026 1849 dena.

672 1910 794 1973 LXXV.
819 1911 940 1978 Grues..

364 2010 518 2072 Turbabit
531 2028 638 2071 versus
651 2026 710 2068 nee
725 2008 833 2068 littera
848 2014 915 2069 tota
928 2008 1060 2089 volabit,

405 2096 503 2157 Unam
517 2092 695 2175 perdideris
710 2093 737 2152 si
751 2090 926 2179 Palamedis
945 2113 1039 2164 avem,

632 2220 768 2284 LXXVI.
792 2221 987 2284 Rusticulae.

363 2321 522 2381 Rusticula
536 2341 573 2380 an
589 2321 716 2401 perdix,
740 2320 814 2400 quid
827 2324 947 2401 refert,
970 2324 997 2383 si
1013 2343 1104 2403 sapor
1117 2320 1201 2383 idem
1214 2319 1285 2382 esti

406 2405 516 2461 carior
531 2410 582 2461 est
594 2403 713 2480 perdix.
745 2406 796 2464 Sic
812 2409 892 2485 sapit
905 2405 962 2467 Illa
976 2409 1081 2486 magis.

653 2525 805 2587 LXXVII.
831 2527 941 2609 Cygni

363 2619 475 2682 Dulcia
490 2617 614 2682 defecta
628 2621 804 2683 modulatur
819 2627 953 2686 carmina
967 2626 1072 2706 IIngna

408 2707 556 2767 Cantator
571 2726 686 2785 cygnus
700 2708 820 2774 funeris
834 2710 903 2788 ipae
918 2711 973 2770 sui.

592 2839 753 2904 LXXVIII.
775 2840 1008 2922 Porphyn'onea.

363 2940 482 3000 Nomen
497 2941 593 3001 habet
608 2944 710 3021 magni
723 2939 858 3003 valueris
873 2949 935 3002 tam
950 2960 1043 3021 parva
1057 2938 1209 3018 gigantis?

404 3025 450 3084 Et
462 3043 576 3084 namen
590 3027 708 3107 prasini
720 3026 945 3106 PorphyrIonis
959 3027 1061 3100 habet.

635 3159 770 3223 nxxrx.
794 3157 966 3221 Muuruu.
1081 3226 1085 3240 .

364 3270 469 3351 Spirat
482 3271 515 3330 in
531 3269 675 3348 advecto,
698 3272 753 3332 sed
768 3274 828 3332 iam
844 3269 952 3352 piger,
974 3286 1109 3347 aequore
1123 3264 1243 3326 mullus.

404 3353 613 3434 Langueaeiti
641 3355 750 3417 Vivum
765 3355 803 3414 da
818 3373 918 3414 mare:
940 3355 1033 3413 fortis
1047 3353 1117 3412 erit.

634 3484 755 3549 LXXX.
779 3485 962 3549 Muraenae.

365 3597 450 3673 Quae
464 3570 596 3657 natatili
612 3595 717 3657 Siculo
734 3596 858 3676 grandis
873 3616 1018 3658 muraena
1032 3593 1205 3677 profundo,

406 3679 476 3739 Non
490 3678 573 3740 valet
587 3690 722 3743 exustam
737 3681 962 3760 mergeresole
977 3687 1089 3744 antem.
