3434 4575
734 469 770 515 Ι).
793 469 864 515 unt.
888 468 1075 515 romam

743 708 979 772 SATIRA
1021 708 1067 771 lI.

410 825 496 920 Ultra
516 856 703 914 Sauromatas
724 852 829 929 lugere
853 854 919 913 hinc
942 856 1013 914 libet
1036 867 1063 913 et
1086 855 1242 931 glacialem

409 941 575 1014 Oceanum,
597 941 712 1018 quoties
734 940 842 1019 aliquid
864 942 902 999 de
921 940 1051 1000 moribus
1069 943 1196 1010 audent.

409 1026 465 1100 Qui
485 1023 590 1084 curios
612 1023 743 1083 simulant
767 1035 797 1082 et
818 1024 1011 1084 Bacchanalia
1032 1026 1140 1083 vivunt.

410 1111 520 1170 lndocti
544 1111 679 1188 primurn:
703 1128 873 1187 quamquain
897 1110 985 1187 plena
1007 1112 1101 1168 omnia
1123 1127 1219 1187 gypso

411 1195 567 1273 Chrysippi
590 1195 735 1254 invenias:
758 1212 820 1251 nam
840 1192 1073 1272 perfectissimas
1094 1194 1194 1252 borum
1214 1205 1278 1267 est,
1386 1212 1402 1260 5

412 1283 440 1337 s'i
458 1281 522 1359 quis
545 1277 723 1337 Aristotelen
755 1277 878 1336 similem
901 1278 949 1336 vel
971 1277 1100 1337 Pittacon
1124 1280 1207 1349 emit,

412 1364 446 1422 Et
465 1363 545 1423 iubet
566 1363 744 1440 archetypos
767 1364 894 1440 pluteum
917 1381 1038 1422 serrare
1060 1359 1227 1421 Cleanthas.

411 1448 526 1507 Frontis
548 1447 626 1507 nulla
646 1447 737 1506 fides:
758 1449 823 1525 qois
845 1448 920 1505 enim
941 1465 998 1507 non
1020 1449 1102 1505 ricus
1124 1445 1251 1506 abundat

411 1532 552 1592 Tristibus
574 1529 735 1591 obscenis?
763 1534 891 1608 castigas
913 1533 1022 1610 turpia,
1045 1550 1130 1612 quum
1153 1532 1195 1590 sis

410 1618 487 1677 lnter
509 1617 679 1676 Socraticos
699 1617 847 1675 notissima
871 1615 952 1675 iossa
976 1615 1125 1676 cinaedos.
1369 1629 1402 1681 lo

410 1702 528 1780 llispida
549 1702 677 1760 membra
701 1701 816 1779 quidem
839 1711 870 1760 et
890 1701 981 1760 durae
1002 1720 1056 1780 per
1076 1700 1195 1760 brachia
1216 1709 1300 1761 setae

410 1787 578 1846 Promittant
600 1795 730 1845 atrocem
753 1788 891 1851 animam:
914 1786 968 1846 sed
989 1786 1097 1865 podice
1116 1785 1173 1844 leri

410 1868 577 1931 Caeduntur
595 1871 721 1929 tumidae
744 1871 861 1930 medico
884 1871 997 1930 ridente
1019 1872 1171 1931 mariscae.

410 1955 502 2014 Raros
520 1972 617 2014 sermo
640 1955 698 2014 illis
721 1963 750 2014 et
769 1974 871 2032 magna
895 1955 985 2015 libido
1008 1956 1124 2014 tacendi

411 2040 505 2117 Atque
525 2039 684 2116 supercilio
708 2039 827 2098 brevior
849 2056 942 2098 corna.
974 2040 1079 2098 Verius
1102 2056 1175 2114 ergo
1368 2050 1402 2101 15

410 2123 445 2183 Et
467 2126 557 2201 magis
581 2125 705 2199 ingenue
728 2122 926 2184 Peribomius:
949 2125 1024 2183 hunc
1047 2141 1105 2198 ego
1127 2122 1193 2182 latis

410 2209 537 2285 lmputo‚
558 2210 605 2285 qui
627 2208 704 2266 vultu
728 2206 857 2266 morbum
879 2209 1053 2286 incessuque
1074 2206 1189 2266 latetur.

410 2293 516 2352 llorurn
537 2293 707 2370 simplicitas
729 2291 921 2364 miserabilis,
943 2292 987 2351 his
1009 2291 1090 2351 furor
1110 2294 1174 2371 ipse

409 2376 613 2443 narrentani:
635 2376 686 2435 sed
710 2378 846 2455 peiores,
870 2378 918 2454 qui
940 2376 1008 2436 talia
1029 2376 1131 2436 serbis

410 2460 545 2521 llercnlis
567 2461 702 2520 invadunt
725 2460 813 2520 etde
836 2462 940 2519 virtute
963 2461 1052 2520 locuti
1364 2473 1400 2525 att

410 2542 530 2605 Glnnem
552 2546 670 2622 agitant.
700 2544 765 2622 Ego
789 2555 817 2604 te
841 2555 1012 2620 serentem,
1037 2548 1145 2621 Sexta,
1167 2542 1316 2606 uerebor?

410 2629 525 2689 infamis
545 2628 674 2689 Varillus
696 2632 749 2694 ait:
774 2647 830 2708 quo
854 2631 985 2690 deterior
1007 2628 1060 2690 te?

410 2713 582 2791 Loripedem
604 2724 702 2773 rectos
726 2715 875 2790 derideat,
897 2714 1073 2793 Aethiopem
1095 2714 1195 2775 albus:

410 2796 481 2870 Quis
504 2797 602 2857 tulerit
623 2798 773 2858 Gracchos
796 2799 833 2859 de
856 2798 1000 2859 seditione
1025 2796 1207 2879 qurerentesl

409 2879 481 2954 Quis
505 2880 618 2940 coelom
639 2885 724 2941 terris
746 2900 802 2943 non
822 2884 944 2944 misceat
966 2893 995 2943 et
1017 2903 1096 2943 mare
1118 2882 1222 2958 coelo,
1366 2894 1400 2946 25

410 2967 440 3024 Si
461 2966 508 3025 lor
525 2966 681 3043 displiceat
700 2967 802 3041 Verri,
825 2967 970 3028 homicida
992 2968 1107 3042 bliloni,

312 3126 316 3131 Ι
410 3046 530 3109 Clodius
553 3061 673 3109 accuset
696 3051 855 3126 moechos,
879 3049 1001 3112 Catilina
1025 3049 1206 3129 Cethegum,

410 3135 439 3194 ln
462 3133 587 3194 tabulam
609 3135 709 3195 Sullae
731 3138 755 3193 si
779 3136 874 3196 dicant
893 3136 1028 3214 discipuli
1051 3134 1134 3197 tres‘l

410 3218 511 3291 Qualis
534 3228 596 3277 erat
618 3237 710 3296 nuper
733 3222 845 3297 tragico
869 3220 996 3298 pollutns
1019 3222 1133 3282 adulter

412 3300 589 3376 Concubitu,
612 3305 659 3381 qui
681 3313 748 3362 tnnc
772 3304 855 3382 leges
879 3304 1038 3364 revocabat
1059 3324 1170 3365 amaras
1366 3316 1401 3368 to

410 3386 547 3445 Omnibus
572 3397 658 3465 atque
682 3388 753 3464 ipsis
774 3388 883 3448 Veneri
904 3388 1045 3469 blartique
1068 3390 1228 3464 timendas,

410 3470 502 3544 Quum
523 3480 565 3530 tot
587 3473 726 3532 abortivis
745 3472 897 3532 secundam
920 3472 989 3532 lulia
1013 3474 1125 3533 vulvam

410 3556 548 3615 Solveret
568 3565 598 3615 et
620 3564 722 3635 patruo
744 3556 854 3615 slmiles
876 3557 1038 3617 effunderet
1061 3558 1144 3617 ollas.
1202 3616 1206 3623 ,

410 3638 512 3699 Nonne
535 3640 620 3717 igitur
642 3642 703 3700 iure
727 3659 762 3701 ac
783 3642 888 3703 merito
909 3643 977 3701 vitia
1000 3642 1096 3701 ultima
1120 3642 1204 3701 fictos

411 3721 602 3784 Contemnunt
623 3726 750 3786 Scauros
772 3734 802 3786 et
822 3726 962 3801 castigata
982 3722 1169 3786 remordent?
1366 3736 1398 3789 su
