<?xml version="1.0" encoding="UTF-8"?>
<!DOCTYPE html PUBLIC "-//W3C//DTD XHTML 1.0 Transitional//EN"
    "http://www.w3.org/TR/xhtml1/DTD/xhtml1-transitional.dtd">
<html xmlns="http://www.w3.org/1999/xhtml" xml:lang="en" lang="en">
 <head>
  <title>
</title>
<meta http-equiv="Content-Type" content="text/html;charset=utf-8" />
  <meta name='ocr-system' content='tesseract 3.04.00' />
  <meta name='ocr-capabilities' content='ocr_page ocr_carea ocr_par ocr_line ocrx_word'/>
</head>
<body>
  <div class='ocr_page' id='page_1' title='image "./satirarumlibriq00juvegoog_0403.png"; bbox 0 0 3434 4575; ppageno 0'>
   <div class='ocr_carea' id='block_1_1' title="bbox 542 450 1314 516">
    <p class='ocr_par' dir='ltr' id='par_1_1' title="bbox 542 450 1314 516">
     <span class='ocr_line' id='line_1_1' title="bbox 542 450 1314 516; baseline 0.003 -3"><span class='ocrx_word' id='word_1_1' title='bbox 542 452 883 514; x_wconf 81' lang='lat' dir='ltr'><strong>EPIGRAMMATON</strong></span> <span class='ocrx_word' id='word_1_2' title='bbox 895 452 969 516; x_wconf 84' lang='lat' dir='ltr'>LIB.</span> <span class='ocrx_word' id='word_1_3' title='bbox 986 452 1036 516; x_wconf 86' lang='lat' dir='ltr'><strong>lx.</strong></span> <span class='ocrx_word' id='word_1_4' title='bbox 1253 450 1314 516; x_wconf 79' lang='lat'><strong>197</strong></span> 
     </span>
    </p>
   </div>
   <div class='ocr_carea' id='block_1_2' title="bbox 331 602 979 853">
    <p class='ocr_par' dir='ltr' id='par_1_2' title="bbox 331 602 979 853">
     <span class='ocr_line' id='line_1_2' title="bbox 353 602 932 684; baseline -0.003 -18"><span class='ocrx_word' id='word_1_5' title='bbox 353 603 466 666; x_wconf 91' lang='lat' dir='ltr'><strong>Nullos</strong></span> <span class='ocrx_word' id='word_1_6' title='bbox 481 603 615 682; x_wconf 86' lang='lat' dir='ltr'><strong>denique</strong></span> <span class='ocrx_word' id='word_1_7' title='bbox 630 622 689 684; x_wconf 85' lang='lat' dir='ltr'><strong>per</strong></span> <span class='ocrx_word' id='word_1_8' title='bbox 706 602 781 663; x_wconf 83' lang='lat' dir='ltr'><strong>deos</strong></span> <span class='ocrx_word' id='word_1_9' title='bbox 796 603 932 683; x_wconf 79' lang='lat' dir='ltr'><strong>deasque</strong></span> 
     </span>
     <span class='ocr_line' id='line_1_3' title="bbox 353 686 879 768; baseline 0 -18"><span class='ocrx_word' id='word_1_10' title='bbox 353 691 438 750; x_wconf 82' lang='lat' dir='ltr'><strong>iurat</strong></span> <span class='ocrx_word' id='word_1_11' title='bbox 453 686 574 765; x_wconf 80' lang='lat' dir='ltr'><strong>Gellio,</strong></span> <span class='ocrx_word' id='word_1_12' title='bbox 596 687 653 748; x_wconf 87' lang='lat' dir='ltr'><strong>sed</strong></span> <span class='ocrx_word' id='word_1_13' title='bbox 666 706 725 768; x_wconf 88' lang='lat' dir='ltr'><strong>per</strong></span> <span class='ocrx_word' id='word_1_14' title='bbox 739 689 879 750; x_wconf 81' lang='lat' dir='ltr'><strong>uniones.</strong></span> 
     </span>
     <span class='ocr_line' id='line_1_4' title="bbox 331 769 979 853; baseline -0.008 -17"><span class='ocrx_word' id='word_1_15' title='bbox 331 775 422 837; x_wconf 87' lang='lat' dir='ltr'><strong>5Hos</strong></span> <span class='ocrx_word' id='word_1_16' title='bbox 438 771 653 853; x_wconf 77' lang='lat' dir='ltr'><strong>amplectitur,</strong></span> <span class='ocrx_word' id='word_1_17' title='bbox 673 773 730 832; x_wconf 92' lang='lat' dir='ltr'><strong>hos</strong></span> <span class='ocrx_word' id='word_1_18' title='bbox 745 769 979 852; x_wconf 82' lang='lat' dir='ltr'><strong>perosouletur‚</strong></span> 
     </span>
    </p>
   </div>
   <div class='ocr_carea' id='block_1_3' title="bbox 311 857 977 1337">
    <p class='ocr_par' dir='ltr' id='par_1_3' title="bbox 353 857 962 936">
     <span class='ocr_line' id='line_1_5' title="bbox 353 857 962 936; baseline -0.003 -18"><span class='ocrx_word' id='word_1_19' title='bbox 353 859 420 918; x_wconf 91' lang='lat' dir='ltr'><strong>Hos</strong></span> <span class='ocrx_word' id='word_1_20' title='bbox 435 857 552 916; x_wconf 81' lang='lat' dir='ltr'><strong>fratres</strong></span> <span class='ocrx_word' id='word_1_21' title='bbox 566 862 656 916; x_wconf 85' lang='lat' dir='ltr'><strong>voest</strong></span> <span class='ocrx_word' id='word_1_22' title='bbox 670 861 703 915; x_wconf 84' lang='lat' dir='ltr'><strong>et</strong></span> <span class='ocrx_word' id='word_1_23' title='bbox 716 862 807 915; x_wconf 85' lang='lat' dir='ltr'><strong>vocnt</strong></span> <span class='ocrx_word' id='word_1_24' title='bbox 820 875 962 936; x_wconf 80' lang='lat' dir='ltr'><strong>sorores,</strong></span> 
     </span>
    </p>

    <p class='ocr_par' dir='ltr' id='par_1_4' title="bbox 352 938 872 1001">
     <span class='ocr_line' id='line_1_6' title="bbox 352 938 872 1001; baseline 0 0"><span class='ocrx_word' id='word_1_25' title='bbox 352 943 420 1001; x_wconf 88' lang='lat' dir='ltr'><strong>Hos</strong></span> <span class='ocrx_word' id='word_1_26' title='bbox 434 941 515 1001; x_wconf 81' lang='lat' dir='ltr'><strong>nutis</strong></span> <span class='ocrx_word' id='word_1_27' title='bbox 535 946 616 1001; x_wconf 80' lang='lat' dir='ltr'><strong>emet</strong></span> <span class='ocrx_word' id='word_1_28' title='bbox 630 941 731 1000; x_wconf 83' lang='lat' dir='ltr'><strong>uerius</strong></span> <span class='ocrx_word' id='word_1_29' title='bbox 747 938 872 1001; x_wconf 88' lang='lat' dir='ltr'><strong>duobus.</strong></span> 
     </span>
    </p>

    <p class='ocr_par' dir='ltr' id='par_1_5' title="bbox 351 1021 886 1104">
     <span class='ocr_line' id='line_1_7' title="bbox 351 1021 886 1104; baseline -0.006 -19"><span class='ocrx_word' id='word_1_30' title='bbox 351 1027 411 1086; x_wconf 82' lang='lat' dir='ltr'><strong>llis</strong></span> <span class='ocrx_word' id='word_1_31' title='bbox 427 1026 529 1104; x_wconf 86' lang='lat' dir='ltr'><strong>siquo</strong></span> <span class='ocrx_word' id='word_1_32' title='bbox 546 1029 650 1084; x_wconf 75' lang='lat' dir='ltr'><strong>cureat</strong></span> <span class='ocrx_word' id='word_1_33' title='bbox 663 1021 782 1083; x_wconf 84' lang='lat' dir='ltr'><strong>misello</strong></span> <span class='ocrx_word' id='word_1_34' title='bbox 798 1044 886 1102; x_wconf 80' lang='lat' dir='ltr'><strong>casu,</strong></span> 
     </span>
    </p>

    <p class='ocr_par' dir='ltr' id='par_1_6' title="bbox 311 1109 977 1272">
     <span class='ocr_line' id='line_1_8' title="bbox 351 1109 955 1187; baseline -0.007 -15"><span class='ocrx_word' id='word_1_35' title='bbox 351 1111 621 1187; x_wconf 81' lang='lat' dir='ltr'><strong>Victuram-neget</strong></span> <span class='ocrx_word' id='word_1_36' title='bbox 634 1126 703 1167; x_wconf 87' lang='lat' dir='ltr'><strong>esse</strong></span> <span class='ocrx_word' id='word_1_37' title='bbox 719 1126 752 1168; x_wconf 89' lang='lat' dir='ltr'><strong>se</strong></span> <span class='ocrx_word' id='word_1_38' title='bbox 767 1125 826 1167; x_wconf 89' lang='lat' dir='ltr'><strong>neo</strong></span> <span class='ocrx_word' id='word_1_39' title='bbox 839 1109 955 1169; x_wconf 81' lang='lat' dir='ltr'><strong>horam.</strong></span> 
     </span>
     <span class='ocr_line' id='line_1_9' title="bbox 311 1191 977 1272; baseline -0.008 -17"><span class='ocrx_word' id='word_1_40' title='bbox 311 1195 455 1270; x_wconf 77' lang='lat' dir='ltr'><strong>lollheu,</strong></span> <span class='ocrx_word' id='word_1_41' title='bbox 478 1212 566 1272; x_wconf 82' lang='lat' dir='ltr'><strong>quom</strong></span> <span class='ocrx_word' id='word_1_42' title='bbox 581 1193 662 1252; x_wconf 91' lang='lat' dir='ltr'><strong>bene</strong></span> <span class='ocrx_word' id='word_1_43' title='bbox 676 1211 774 1267; x_wconf 87' lang='lat' dir='ltr'><strong>nuno,</strong></span> <span class='ocrx_word' id='word_1_44' title='bbox 794 1191 977 1272; x_wconf 76' lang='lat' dir='ltr'><strong>Papiriano,</strong></span> 
     </span>
    </p>

    <p class='ocr_par' dir='ltr' id='par_1_7' title="bbox 352 1275 872 1337">
     <span class='ocr_line' id='line_1_10' title="bbox 352 1275 872 1337; baseline -0.004 0"><span class='ocrx_word' id='word_1_45' title='bbox 352 1278 474 1337; x_wconf 76' lang='lat' dir='ltr'><strong>Annaei</strong></span> <span class='ocrx_word' id='word_1_46' title='bbox 488 1277 609 1336; x_wconf 79' lang='lat' dir='ltr'><strong>fureret</strong></span> <span class='ocrx_word' id='word_1_47' title='bbox 623 1295 730 1336; x_wconf 77' lang='lat' dir='ltr'><strong>monus</strong></span> <span class='ocrx_word' id='word_1_48' title='bbox 745 1275 872 1335; x_wconf 82' lang='lat' dir='ltr'>Sereni!</span> 
     </span>
    </p>
   </div>
   <div class='ocr_carea' id='block_1_4' title="bbox 716 1408 865 1472">
    <p class='ocr_par' dir='ltr' id='par_1_8' title="bbox 716 1408 865 1472">
     <span class='ocr_line' id='line_1_11' title="bbox 716 1408 865 1472; baseline 0.027 -4"><span class='ocrx_word' id='word_1_49' title='bbox 716 1408 865 1472; x_wconf 84' lang='lat' dir='ltr'>LXXXII.</span> 
     </span>
    </p>
   </div>
   <div class='ocr_carea' id='block_1_5' title="bbox 332 1519 1223 2172">
    <p class='ocr_par' dir='ltr' id='par_1_9' title="bbox 351 1519 1223 1688">
     <span class='ocr_line' id='line_1_12' title="bbox 351 1519 1154 1601; baseline 0.001 -20"><span class='ocrx_word' id='word_1_50' title='bbox 351 1521 451 1581; x_wconf 82' lang='lat' dir='ltr'><strong>Dante</strong></span> <span class='ocrx_word' id='word_1_51' title='bbox 467 1521 525 1580; x_wconf 86' lang='lat' dir='ltr'><strong>tibi</strong></span> <span class='ocrx_word' id='word_1_52' title='bbox 540 1521 631 1581; x_wconf 83' lang='lat' dir='ltr'><strong>turbs</strong></span> <span class='ocrx_word' id='word_1_53' title='bbox 646 1521 810 1601; x_wconf 85' lang='lat' dir='ltr'><strong>querulos,</strong></span> <span class='ocrx_word' id='word_1_54' title='bbox 833 1524 990 1600; x_wconf 77' lang='lat' dir='ltr'><strong>Auguste,</strong></span> <span class='ocrx_word' id='word_1_55' title='bbox 1010 1519 1154 1601; x_wconf 87' lang='lat' dir='ltr'><strong>libellos,</strong></span> 
     </span>
     <span class='ocr_line' id='line_1_13' title="bbox 394 1604 1223 1688; baseline 0.006 -24"><span class='ocrx_word' id='word_1_56' title='bbox 394 1605 457 1664; x_wconf 92' lang='lat' dir='ltr'><strong>Nos</strong></span> <span class='ocrx_word' id='word_1_57' title='bbox 472 1622 595 1683; x_wconf 87' lang='lat' dir='ltr'><strong>quoque</strong></span> <span class='ocrx_word' id='word_1_58' title='bbox 610 1604 694 1683; x_wconf 83' lang='lat' dir='ltr'><strong>quod</strong></span> <span class='ocrx_word' id='word_1_59' title='bbox 709 1604 832 1665; x_wconf 87' lang='lat' dir='ltr'><strong>domiuo</strong></span> <span class='ocrx_word' id='word_1_60' title='bbox 848 1606 982 1665; x_wconf 79' lang='lat' dir='ltr'><strong>carmine</strong></span> <span class='ocrx_word' id='word_1_61' title='bbox 994 1625 1088 1686; x_wconf 78' lang='lat' dir='ltr'><strong>perse</strong></span> <span class='ocrx_word' id='word_1_62' title='bbox 1103 1605 1223 1688; x_wconf 81' lang='lat' dir='ltr'><strong>damus,</strong></span> 
     </span>
    </p>

    <p class='ocr_par' dir='ltr' id='par_1_10' title="bbox 350 1686 1109 1855">
     <span class='ocr_line' id='line_1_14' title="bbox 350 1686 1099 1769; baseline 0.003 -21"><span class='ocrx_word' id='word_1_63' title='bbox 350 1689 448 1749; x_wconf 85' lang='lat' dir='ltr'><strong>Posse</strong></span> <span class='ocrx_word' id='word_1_64' title='bbox 466 1686 557 1748; x_wconf 86' lang='lat' dir='ltr'><strong>deum</strong></span> <span class='ocrx_word' id='word_1_65' title='bbox 571 1691 665 1749; x_wconf 88' lang='lat' dir='ltr'><strong>rebus</strong></span> <span class='ocrx_word' id='word_1_66' title='bbox 679 1691 798 1769; x_wconf 84' lang='lat' dir='ltr'><strong>pariter</strong></span> <span class='ocrx_word' id='word_1_67' title='bbox 813 1689 975 1767; x_wconf 82' lang='lat' dir='ltr'><strong>Musisque</strong></span> <span class='ocrx_word' id='word_1_68' title='bbox 990 1710 1099 1751; x_wconf 81' lang='lat' dir='ltr'><strong>vacere</strong></span> 
     </span>
     <span class='ocr_line' id='line_1_15' title="bbox 396 1772 1109 1855; baseline 0.006 -23"><span class='ocrx_word' id='word_1_69' title='bbox 396 1773 532 1850; x_wconf 81' lang='lat' dir='ltr'><strong>Scimus,</strong></span> <span class='ocrx_word' id='word_1_70' title='bbox 552 1773 675 1832; x_wconf 80' lang='lat' dir='ltr'><strong>ethaeo</strong></span> <span class='ocrx_word' id='word_1_71' title='bbox 691 1774 784 1833; x_wconf 83' lang='lat' dir='ltr'><strong>etiam</strong></span> <span class='ocrx_word' id='word_1_72' title='bbox 801 1780 886 1833; x_wconf 84' lang='lat' dir='ltr'><strong>serto</strong></span> <span class='ocrx_word' id='word_1_73' title='bbox 900 1772 1028 1855; x_wconf 82' lang='lat' dir='ltr'><strong>plaeere</strong></span> <span class='ocrx_word' id='word_1_74' title='bbox 1042 1775 1109 1839; x_wconf 86' lang='lat' dir='ltr'><strong>tibi.</strong></span> 
     </span>
    </p>

    <p class='ocr_par' dir='ltr' id='par_1_11' title="bbox 332 1855 1142 2020">
     <span class='ocr_line' id='line_1_16' title="bbox 332 1855 1142 1937; baseline 0.001 -20"><span class='ocrx_word' id='word_1_75' title='bbox 332 1855 532 1933; x_wconf 66' lang='lat' dir='ltr'><strong>enervatos,</strong></span> <span class='ocrx_word' id='word_1_76' title='bbox 552 1856 707 1935; x_wconf 79' lang='lat' dir='ltr'><strong>Auguste,</strong></span> <span class='ocrx_word' id='word_1_77' title='bbox 729 1861 814 1916; x_wconf 82' lang='lat' dir='ltr'><strong>tuos:</strong></span> <span class='ocrx_word' id='word_1_78' title='bbox 836 1877 893 1917; x_wconf 87' lang='lat' dir='ltr'><strong>nos</strong></span> <span class='ocrx_word' id='word_1_79' title='bbox 909 1856 1009 1936; x_wconf 78' lang='lat' dir='ltr'><strong>glorio</strong></span> <span class='ocrx_word' id='word_1_80' title='bbox 1026 1856 1142 1937; x_wconf 85' lang='lat' dir='ltr'><strong>dulcis,</strong></span> 
     </span>
     <span class='ocr_line' id='line_1_17' title="bbox 394 1939 1052 2020; baseline 0.003 -19"><span class='ocrx_word' id='word_1_81' title='bbox 394 1940 457 2001; x_wconf 93' lang='lat' dir='ltr'><strong>Nos</strong></span> <span class='ocrx_word' id='word_1_82' title='bbox 471 1947 525 2001; x_wconf 81' lang='lat' dir='ltr'><strong>tuo</strong></span> <span class='ocrx_word' id='word_1_83' title='bbox 540 1959 613 2000; x_wconf 85' lang='lat' dir='ltr'><strong>eurr</strong></span> <span class='ocrx_word' id='word_1_84' title='bbox 626 1941 714 2020; x_wconf 89' lang='lat' dir='ltr'><strong>prior</strong></span> <span class='ocrx_word' id='word_1_85' title='bbox 731 1939 924 2020; x_wconf 82' lang='lat' dir='ltr'><strong>deliciaeque</strong></span> <span class='ocrx_word' id='word_1_86' title='bbox 939 1961 1052 2004; x_wconf 91' lang='lat' dir='ltr'><strong>sumus.</strong></span> 
     </span>
    </p>

    <p class='ocr_par' dir='ltr' id='par_1_12' title="bbox 351 2022 1181 2172">
     <span class='ocr_line' id='line_1_18' title="bbox 351 2022 1181 2103; baseline 0.002 -20"><span class='ocrx_word' id='word_1_87' title='bbox 351 2023 422 2083; x_wconf 88' lang='lat' dir='ltr'><strong>Non</strong></span> <span class='ocrx_word' id='word_1_88' title='bbox 439 2043 573 2103; x_wconf 84' lang='lat' dir='ltr'><strong>querens</strong></span> <span class='ocrx_word' id='word_1_89' title='bbox 588 2031 621 2084; x_wconf 90' lang='lat' dir='ltr'><strong>te</strong></span> <span class='ocrx_word' id='word_1_90' title='bbox 636 2022 703 2084; x_wconf 81' lang='lat' dir='ltr'><strong>sola</strong></span> <span class='ocrx_word' id='word_1_91' title='bbox 717 2022 825 2103; x_wconf 84' lang='lat' dir='ltr'><strong>decet,</strong></span> <span class='ocrx_word' id='word_1_92' title='bbox 846 2043 906 2085; x_wconf 86' lang='lat' dir='ltr'><strong>neo</strong></span> <span class='ocrx_word' id='word_1_93' title='bbox 921 2025 1029 2087; x_wconf 79' lang='lat' dir='ltr'><strong>laureo</strong></span> <span class='ocrx_word' id='word_1_94' title='bbox 1046 2026 1181 2086; x_wconf 82' lang='lat' dir='ltr'><strong>Phoebi:</strong></span> 
     </span>
     <span class='ocr_line' id='line_1_19' title="bbox 393 2107 1007 2172; baseline 0.007 -5"><span class='ocrx_word' id='word_1_95' title='bbox 393 2108 464 2168; x_wconf 82' lang='lat' dir='ltr'><strong>Fiet</strong></span> <span class='ocrx_word' id='word_1_96' title='bbox 478 2118 511 2168; x_wconf 88' lang='lat' dir='ltr'><strong>et</strong></span> <span class='ocrx_word' id='word_1_97' title='bbox 526 2127 563 2168; x_wconf 84' lang='lat' dir='ltr'><strong>ex</strong></span> <span class='ocrx_word' id='word_1_98' title='bbox 576 2107 695 2168; x_wconf 82' lang='lat' dir='ltr'><strong>hedera</strong></span> <span class='ocrx_word' id='word_1_99' title='bbox 711 2110 806 2169; x_wconf 84' lang='lat' dir='ltr'><strong>civico</strong></span> <span class='ocrx_word' id='word_1_100' title='bbox 820 2116 927 2171; x_wconf 86' lang='lat' dir='ltr'><strong>nostro</strong></span> <span class='ocrx_word' id='word_1_101' title='bbox 941 2111 1007 2172; x_wconf 85' lang='lat' dir='ltr'><strong>tibi.</strong></span> 
     </span>
    </p>
   </div>
   <div class='ocr_carea' id='block_1_6' title="bbox 403 2570 1110 2837">
    <p class='ocr_par' dir='ltr' id='par_1_13' title="bbox 403 2570 1110 2837">
     <span class='ocr_line' id='line_1_20' title="bbox 403 2570 1025 2646; baseline 0.011 -7"><span class='ocrx_word' id='word_1_102' title='bbox 403 2633 406 2639; x_wconf 87' lang='lat'>.</span> <span class='ocrx_word' id='word_1_103' title='bbox 561 2572 607 2643; x_wconf 85' lang='lat' dir='ltr'><strong>n.</strong></span> <span class='ocrx_word' id='word_1_104' title='bbox 637 2572 740 2643; x_wconf 77' lang='lat' dir='ltr'><strong>vnn.</strong></span> <span class='ocrx_word' id='word_1_105' title='bbox 769 2570 1025 2646; x_wconf 72' lang='lat' dir='ltr'><strong>nunninus</strong></span> 
     </span>
     <span class='ocr_line' id='line_1_21' title="bbox 474 2739 1110 2837; baseline 0.006 -4"><span class='ocrx_word' id='word_1_106' title='bbox 474 2739 1110 2837; x_wconf 70' lang='lat' dir='ltr'><strong>illusionibus</strong></span> 
     </span>
    </p>
   </div>
   <div class='ocr_carea' id='block_1_7' title="bbox 508 2925 976 3028">
    <p class='ocr_par' dir='ltr' id='par_1_14' title="bbox 508 2925 976 3028">
     <span class='ocr_line' id='line_1_22' title="bbox 508 2925 976 3028; baseline 0.006 -44"><span class='ocrx_word' id='word_1_107' title='bbox 508 2960 512 2965; x_wconf 93' lang='lat'>-</span> <span class='ocrx_word' id='word_1_108' title='bbox 639 2925 913 2987; x_wconf 77' lang='lat' dir='ltr'>&#39;LIBERIX</span> <span class='ocrx_word' id='word_1_109' title='bbox 970 3015 976 3028; x_wconf 94' lang='lat'><strong>.</strong></span> 
     </span>
    </p>
   </div>
   <div class='ocr_carea' id='block_1_8' title="bbox 309 3110 1197 3777">
    <p class='ocr_par' dir='ltr' id='par_1_15' title="bbox 352 3110 1096 3276">
     <span class='ocr_line' id='line_1_23' title="bbox 352 3110 1096 3192; baseline 0.003 -21"><span class='ocrx_word' id='word_1_110' title='bbox 352 3111 450 3189; x_wconf 85' lang='lat' dir='ltr'><strong>Note,</strong></span> <span class='ocrx_word' id='word_1_111' title='bbox 470 3110 549 3173; x_wconf 86' lang='lat' dir='ltr'><strong>lieet</strong></span> <span class='ocrx_word' id='word_1_112' title='bbox 562 3111 661 3189; x_wconf 90' lang='lat' dir='ltr'><strong>nolis,</strong></span> <span class='ocrx_word' id='word_1_113' title='bbox 681 3110 804 3171; x_wconf 87' lang='lat' dir='ltr'><strong>sublimi</strong></span> <span class='ocrx_word' id='word_1_114' title='bbox 817 3117 948 3192; x_wconf 85' lang='lat' dir='ltr'><strong>pectore</strong></span> <span class='ocrx_word' id='word_1_115' title='bbox 963 3119 1070 3187; x_wconf 82' lang='lat' dir='ltr'><strong>vrtes‚·</strong></span> <span class='ocrx_word' id='word_1_116' title='bbox 1094 3154 1096 3158; x_wconf 51' lang='lat'>&lt;</span> 
     </span>
     <span class='ocr_line' id='line_1_24' title="bbox 394 3192 1058 3276; baseline -0.002 -19"><span class='ocrx_word' id='word_1_117' title='bbox 394 3198 452 3257; x_wconf 80' lang='lat' dir='ltr'><strong>Oui</strong></span> <span class='ocrx_word' id='word_1_118' title='bbox 468 3197 589 3256; x_wconf 87' lang='lat' dir='ltr'><strong>referet</strong></span> <span class='ocrx_word' id='word_1_119' title='bbox 604 3215 691 3257; x_wconf 89' lang='lat' dir='ltr'><strong>serus</strong></span> <span class='ocrx_word' id='word_1_120' title='bbox 706 3198 843 3276; x_wconf 80' lang='lat' dir='ltr'><strong>praemio</strong></span> <span class='ocrx_word' id='word_1_121' title='bbox 858 3192 950 3275; x_wconf 81' lang='lat' dir='ltr'><strong>digne</strong></span> <span class='ocrx_word' id='word_1_122' title='bbox 964 3198 1058 3274; x_wconf 84' lang='lat' dir='ltr'><strong>einis,</strong></span> 
     </span>
    </p>

    <p class='ocr_par' dir='ltr' id='par_1_16' title="bbox 352 3279 1197 3442">
     <span class='ocr_line' id='line_1_25' title="bbox 352 3279 1197 3358; baseline -0.002 -19"><span class='ocrx_word' id='word_1_123' title='bbox 352 3281 421 3340; x_wconf 87' lang='lat' dir='ltr'><strong>Hoc</strong></span> <span class='ocrx_word' id='word_1_124' title='bbox 436 3282 495 3340; x_wconf 82' lang='lat' dir='ltr'><strong>tibi</strong></span> <span class='ocrx_word' id='word_1_125' title='bbox 509 3283 565 3340; x_wconf 84' lang='lat' dir='ltr'><strong>sub</strong></span> <span class='ocrx_word' id='word_1_126' title='bbox 579 3286 687 3349; x_wconf 80' lang='lat' dir='ltr'><strong>nostro</strong></span> <span class='ocrx_word' id='word_1_127' title='bbox 700 3281 796 3341; x_wconf 88' lang='lat' dir='ltr'><strong>breve</strong></span> <span class='ocrx_word' id='word_1_128' title='bbox 811 3299 942 3341; x_wconf 79' lang='lat' dir='ltr'><strong>carmen·</strong></span> <span class='ocrx_word' id='word_1_129' title='bbox 951 3280 1085 3358; x_wconf 79' lang='lat' dir='ltr'><strong>imagine</strong></span> <span class='ocrx_word' id='word_1_130' title='bbox 1098 3279 1197 3356; x_wconf 66' lang='lat' dir='ltr'><strong>urst,</strong></span> 
     </span>
     <span class='ocr_line' id='line_1_26' title="bbox 394 3364 1097 3442; baseline -0.004 -19"><span class='ocrx_word' id='word_1_131' title='bbox 394 3365 491 3441; x_wconf 79' lang='lat' dir='ltr'><strong>Quom</strong></span> <span class='ocrx_word' id='word_1_132' title='bbox 504 3382 566 3422; x_wconf 90' lang='lat' dir='ltr'><strong>non</strong></span> <span class='ocrx_word' id='word_1_133' title='bbox 584 3364 723 3423; x_wconf 81' lang='lat' dir='ltr'><strong>obscuris</strong></span> <span class='ocrx_word' id='word_1_134' title='bbox 736 3365 854 3442; x_wconf 81' lang='lat' dir='ltr'><strong>iungis,</strong></span> <span class='ocrx_word' id='word_1_135' title='bbox 877 3364 985 3439; x_wconf 75' lang='lat' dir='ltr'><strong>Avito,</strong></span> <span class='ocrx_word' id='word_1_136' title='bbox 1006 3364 1097 3422; x_wconf 84' lang='lat' dir='ltr'><strong>viris:</strong></span> 
     </span>
    </p>

    <p class='ocr_par' dir='ltr' id='par_1_17' title="bbox 309 3445 1127 3527">
     <span class='ocr_line' id='line_1_27' title="bbox 309 3445 1127 3527; baseline -0.001 -20"><span class='ocrx_word' id='word_1_137' title='bbox 309 3446 398 3507; x_wconf 83' lang='lat' dir='ltr'><strong>ollle</strong></span> <span class='ocrx_word' id='word_1_138' title='bbox 413 3467 473 3526; x_wconf 82' lang='lat' dir='ltr'><strong>ego</strong></span> <span class='ocrx_word' id='word_1_139' title='bbox 487 3465 558 3506; x_wconf 79' lang='lat' dir='ltr'><strong>sum</strong></span> <span class='ocrx_word' id='word_1_140' title='bbox 573 3446 658 3505; x_wconf 80' lang='lat' dir='ltr'><strong>nulli</strong></span> <span class='ocrx_word' id='word_1_141' title='bbox 669 3466 828 3527; x_wconf 82' lang='lat' dir='ltr'><strong>nugarum</strong></span> <span class='ocrx_word' id='word_1_142' title='bbox 844 3447 940 3506; x_wconf 79' lang='lat' dir='ltr'><strong>laude</strong></span> <span class='ocrx_word' id='word_1_143' title='bbox 953 3445 1127 3522; x_wconf 73' lang='lat' dir='ltr'><strong>secundus,</strong></span> 
     </span>
    </p>

    <p class='ocr_par' dir='ltr' id='par_1_18' title="bbox 397 3528 1173 3609">
     <span class='ocr_line' id='line_1_28' title="bbox 397 3528 1173 3609; baseline -0.003 -20"><span class='ocrx_word' id='word_1_144' title='bbox 397 3528 496 3601; x_wconf 78' lang='lat' dir='ltr'><strong>Quem</strong></span> <span class='ocrx_word' id='word_1_145' title='bbox 510 3548 575 3589; x_wconf 82' lang='lat' dir='ltr'><strong>non</strong></span> <span class='ocrx_word' id='word_1_146' title='bbox 589 3529 730 3604; x_wconf 64' lang='lat' dir='ltr'><strong>miraris,</strong></span> <span class='ocrx_word' id='word_1_147' title='bbox 751 3532 809 3589; x_wconf 83' lang='lat' dir='ltr'><strong>sed</strong></span> <span class='ocrx_word' id='word_1_148' title='bbox 816 3536 914 3609; x_wconf 77' lang='lat' dir='ltr'><strong>puto,</strong></span> <span class='ocrx_word' id='word_1_149' title='bbox 937 3530 1054 3606; x_wconf 76' lang='lat' dir='ltr'><strong>lector,</strong></span> <span class='ocrx_word' id='word_1_150' title='bbox 1074 3548 1173 3588; x_wconf 84' lang='lat' dir='ltr'><strong>omos.</strong></span> 
     </span>
    </p>

    <p class='ocr_par' dir='ltr' id='par_1_19' title="bbox 353 3612 1092 3777">
     <span class='ocr_line' id='line_1_29' title="bbox 353 3612 1092 3691; baseline 0.001 -19"><span class='ocrx_word' id='word_1_151' title='bbox 353 3612 490 3673; x_wconf 78' lang='lat' dir='ltr'><strong>Maiores</strong></span> <span class='ocrx_word' id='word_1_152' title='bbox 503 3614 624 3674; x_wconf 75' lang='lat' dir='ltr'><strong>onoiora</strong></span> <span class='ocrx_word' id='word_1_153' title='bbox 637 3620 768 3671; x_wconf 80' lang='lat' dir='ltr'><strong>ooneor:</strong></span> <span class='ocrx_word' id='word_1_154' title='bbox 787 3612 864 3672; x_wconf 78' lang='lat' dir='ltr'><strong>mibi</strong></span> <span class='ocrx_word' id='word_1_155' title='bbox 870 3631 973 3691; x_wconf 82' lang='lat' dir='ltr'><strong>paror</strong></span> <span class='ocrx_word' id='word_1_156' title='bbox 987 3612 1092 3673; x_wconf 81' lang='lat' dir='ltr'><strong>locuto</strong></span> 
     </span>
     <span class='ocr_line' id='line_1_30' title="bbox 394 3693 1072 3777; baseline 0.003 -22"><span class='ocrx_word' id='word_1_157' title='bbox 394 3695 522 3776; x_wconf 75' lang='lat' dir='ltr'><strong>Sufficit</strong></span> <span class='ocrx_word' id='word_1_158' title='bbox 538 3698 571 3756; x_wconf 80' lang='lat' dir='ltr'><strong>in</strong></span> <span class='ocrx_word' id='word_1_159' title='bbox 585 3704 709 3756; x_wconf 72' lang='lat' dir='ltr'><strong>vertras</strong></span> <span class='ocrx_word' id='word_1_160' title='bbox 724 3714 818 3777; x_wconf 80' lang='lat' dir='ltr'><strong>saepe</strong></span> <span class='ocrx_word' id='word_1_161' title='bbox 832 3693 936 3755; x_wconf 81' lang='lat' dir='ltr'><strong>redire</strong></span> <span class='ocrx_word' id='word_1_162' title='bbox 951 3716 1072 3757; x_wconf 78' lang='lat' dir='ltr'><strong>manue.</strong></span> 
     </span>
    </p>
   </div>
   <div class='ocr_carea' id='block_1_9' title="bbox 0 0 1722 4575">
    <p class='ocr_par' dir='ltr' id='par_1_20' title="bbox 0 0 1722 4575">
     <span class='ocr_line' id='line_1_31' title="bbox 0 0 1722 4575; baseline 0 0"><span class='ocrx_word' id='word_1_163' title='bbox 0 0 1722 4575; x_wconf 95' lang='lat' dir='ltr'><strong> </strong></span> 
     </span>
    </p>
   </div>
  </div>
 </body>
</html>
