<?xml version="1.0" encoding="UTF-8"?>
<!DOCTYPE html PUBLIC "-//W3C//DTD XHTML 1.0 Transitional//EN"
    "http://www.w3.org/TR/xhtml1/DTD/xhtml1-transitional.dtd">
<html xmlns="http://www.w3.org/1999/xhtml" xml:lang="en" lang="en">
 <head>
  <title>
</title>
<meta http-equiv="Content-Type" content="text/html;charset=utf-8" />
  <meta name='ocr-system' content='tesseract 3.04.00' />
  <meta name='ocr-capabilities' content='ocr_page ocr_carea ocr_par ocr_line ocrx_word'/>
</head>
<body>
  <div class='ocr_page' id='page_1' title='image "./satirarumlibriq00juvegoog_0126.png"; bbox 0 0 3434 4575; ppageno 0'>
   <div class='ocr_carea' id='block_1_1' title="bbox 433 460 1102 528">
    <p class='ocr_par' dir='ltr' id='par_1_1' title="bbox 433 460 1102 528">
     <span class='ocr_line' id='line_1_1' title="bbox 433 460 1102 528; baseline -0.009 0"><span class='ocrx_word' id='word_1_1' title='bbox 433 460 475 528; x_wconf 84' lang='lat' dir='ltr'><strong>to</strong></span> <span class='ocrx_word' id='word_1_2' title='bbox 762 471 797 524; x_wconf 88' lang='lat' dir='ltr'><strong>n.</strong></span> <span class='ocrx_word' id='word_1_3' title='bbox 820 470 893 524; x_wconf 80' lang='lat' dir='ltr'><strong>rou.</strong></span> <span class='ocrx_word' id='word_1_4' title='bbox 916 468 1102 524; x_wconf 75' lang='lat' dir='ltr'><strong>mmuucrs</strong></span> 
     </span>
    </p>
   </div>
   <div class='ocr_carea' id='block_1_2' title="bbox 434 608 1427 2050">
    <p class='ocr_par' dir='ltr' id='par_1_2' title="bbox 435 608 1204 695">
     <span class='ocr_line' id='line_1_2' title="bbox 435 608 1204 695; baseline -0.004 -14"><span class='ocrx_word' id='word_1_5' title='bbox 435 619 583 682; x_wconf 80' lang='lat' dir='ltr'><strong>balantem</strong></span> <span class='ocrx_word' id='word_1_6' title='bbox 607 627 636 678; x_wconf 88' lang='lat' dir='ltr'><strong>et</strong></span> <span class='ocrx_word' id='word_1_7' title='bbox 658 608 779 677; x_wconf 81' lang='lat' dir='ltr'><strong>batibus</strong></span> <span class='ocrx_word' id='word_1_8' title='bbox 802 617 918 677; x_wconf 84' lang='lat' dir='ltr'><strong>cristam</strong></span> <span class='ocrx_word' id='word_1_9' title='bbox 941 617 1112 695; x_wconf 77' lang='lat' dir='ltr'><strong>promittere</strong></span> <span class='ocrx_word' id='word_1_10' title='bbox 1133 611 1204 694; x_wconf 85' lang='lat' dir='ltr'><strong>galli</strong></span> 
     </span>
    </p>

    <p class='ocr_par' dir='ltr' id='par_1_3' title="bbox 434 700 1425 934">
     <span class='ocr_line' id='line_1_3' title="bbox 435 700 1298 782; baseline -0.005 -17"><span class='ocrx_word' id='word_1_11' title='bbox 435 702 498 765; x_wconf 85' lang='lat' dir='ltr'><strong>Non</strong></span> <span class='ocrx_word' id='word_1_12' title='bbox 523 703 645 770; x_wconf 78' lang='lat' dir='ltr'><strong>audent:</strong></span> <span class='ocrx_word' id='word_1_13' title='bbox 670 700 739 782; x_wconf 94' lang='lat' dir='ltr'><strong>quid</strong></span> <span class='ocrx_word' id='word_1_14' title='bbox 761 703 836 762; x_wconf 89' lang='lat' dir='ltr'><strong>euim</strong></span> <span class='ocrx_word' id='word_1_15' title='bbox 858 719 982 780; x_wconf 90' lang='lat' dir='ltr'><strong>sperare</strong></span> <span class='ocrx_word' id='word_1_16' title='bbox 1005 701 1177 762; x_wconf 78' lang='lat' dir='ltr'>nocentibus</span> <span class='ocrx_word' id='word_1_17' title='bbox 1200 701 1298 780; x_wconf 84' lang='lat' dir='ltr'><strong>aegris</strong></span> 
     </span>
     <span class='ocr_line' id='line_1_4' title="bbox 435 783 1425 866; baseline 0.003 -17"><span class='ocrx_word' id='word_1_18' title='bbox 435 785 638 850; x_wconf 79' lang='lat' dir='ltr'><strong>Concessum?</strong></span> <span class='ocrx_word' id='word_1_19' title='bbox 659 786 707 847; x_wconf 88' lang='lat' dir='ltr'><strong>vei</strong></span> <span class='ocrx_word' id='word_1_20' title='bbox 732 804 807 866; x_wconf 90' lang='lat' dir='ltr'><strong>quae</strong></span> <span class='ocrx_word' id='word_1_21' title='bbox 831 803 888 845; x_wconf 88' lang='lat' dir='ltr'><strong>nou</strong></span> <span class='ocrx_word' id='word_1_22' title='bbox 911 783 1026 865; x_wconf 76' lang='lat' dir='ltr'><strong>dignior</strong></span> <span class='ocrx_word' id='word_1_23' title='bbox 1048 786 1144 847; x_wconf 85' lang='lat' dir='ltr'><strong>bestia</strong></span> <span class='ocrx_word' id='word_1_24' title='bbox 1164 785 1244 848; x_wconf 84' lang='lat' dir='ltr'><strong>vitai</strong></span> <span class='ocrx_word' id='word_1_25' title='bbox 1373 792 1425 852; x_wconf 71' lang='grc'><strong>935</strong></span> 
     </span>
     <span class='ocr_line' id='line_1_5' title="bbox 434 871 1182 934; baseline -0.005 0"><span class='ocrx_word' id='word_1_26' title='bbox 434 873 552 934; x_wconf 80' lang='lat' dir='ltr'><strong>biobilis</strong></span> <span class='ocrx_word' id='word_1_27' title='bbox 576 881 604 932; x_wconf 88' lang='lat' dir='ltr'><strong>et</strong></span> <span class='ocrx_word' id='word_1_28' title='bbox 626 871 706 931; x_wconf 85' lang='lat' dir='ltr'><strong>varia</strong></span> <span class='ocrx_word' id='word_1_29' title='bbox 729 880 775 931; x_wconf 88' lang='lat' dir='ltr'><strong>est</strong></span> <span class='ocrx_word' id='word_1_30' title='bbox 797 871 890 932; x_wconf 83' lang='lat' dir='ltr'><strong>ferrue</strong></span> <span class='ocrx_word' id='word_1_31' title='bbox 910 880 1011 932; x_wconf 87' lang='lat' dir='ltr'><strong>natura</strong></span> <span class='ocrx_word' id='word_1_32' title='bbox 1034 872 1182 932; x_wconf 89' lang='lat' dir='ltr'><strong>maiorum.</strong></span> 
     </span>
    </p>

    <p class='ocr_par' dir='ltr' id='par_1_4' title="bbox 435 955 1426 1373">
     <span class='ocr_line' id='line_1_6' title="bbox 435 955 1352 1035; baseline -0.003 -17"><span class='ocrx_word' id='word_1_33' title='bbox 435 956 528 1032; x_wconf 82' lang='lat' dir='ltr'><strong>Quum</strong></span> <span class='ocrx_word' id='word_1_34' title='bbox 551 957 648 1017; x_wconf 86' lang='lat' dir='ltr'><strong>scelos</strong></span> <span class='ocrx_word' id='word_1_35' title='bbox 671 955 835 1031; x_wconf 83' lang='lat' dir='ltr'><strong>admittunt,</strong></span> <span class='ocrx_word' id='word_1_36' title='bbox 859 965 995 1033; x_wconf 77' lang='lat' dir='ltr'><strong>superest</strong></span> <span class='ocrx_word' id='word_1_37' title='bbox 1017 958 1194 1023; x_wconf 64' lang='lat' dir='ltr'><strong>constantim</strong></span> <span class='ocrx_word' id='word_1_38' title='bbox 1217 956 1284 1035; x_wconf 90' lang='lat' dir='ltr'><strong>quid</strong></span> <span class='ocrx_word' id='word_1_39' title='bbox 1308 957 1352 1015; x_wconf 79' lang='lat' dir='ltr'><strong>ias</strong></span> 
     </span>
     <span class='ocr_line' id='line_1_7' title="bbox 435 1040 1246 1123; baseline -0.002 -21"><span class='ocrx_word' id='word_1_40' title='bbox 435 1042 533 1123; x_wconf 81' lang='lat' dir='ltr'><strong>Atque</strong></span> <span class='ocrx_word' id='word_1_41' title='bbox 557 1042 659 1116; x_wconf 80' lang='lat' dir='ltr'><strong>nefas,</strong></span> <span class='ocrx_word' id='word_1_42' title='bbox 682 1041 798 1101; x_wconf 88' lang='lat' dir='ltr'><strong>tandem</strong></span> <span class='ocrx_word' id='word_1_43' title='bbox 823 1040 962 1118; x_wconf 89' lang='lat' dir='ltr'><strong>incipiunt</strong></span> <span class='ocrx_word' id='word_1_44' title='bbox 985 1041 1095 1101; x_wconf 88' lang='lat' dir='ltr'><strong>sentire</strong></span> <span class='ocrx_word' id='word_1_45' title='bbox 1117 1042 1246 1118; x_wconf 73' lang='lat' dir='ltr'><strong>peractis</strong></span> 
     </span>
     <span class='ocr_line' id='line_1_8' title="bbox 435 1123 1308 1188; baseline -0.006 0"><span class='ocrx_word' id='word_1_46' title='bbox 435 1123 618 1188; x_wconf 78' lang='lat' dir='ltr'><strong>Criminibus.</strong></span> <span class='ocrx_word' id='word_1_47' title='bbox 652 1123 761 1185; x_wconf 77' lang='lat' dir='ltr'><strong>Tamen</strong></span> <span class='ocrx_word' id='word_1_48' title='bbox 784 1125 819 1185; x_wconf 88' lang='lat' dir='ltr'><strong>ad</strong></span> <span class='ocrx_word' id='word_1_49' title='bbox 842 1141 940 1184; x_wconf 86' lang='lat' dir='ltr'><strong>mores</strong></span> <span class='ocrx_word' id='word_1_50' title='bbox 963 1134 1064 1185; x_wconf 80' lang='lat' dir='ltr'><strong>nature</strong></span> <span class='ocrx_word' id='word_1_51' title='bbox 1087 1127 1210 1186; x_wconf 77' lang='lat' dir='ltr'><strong>recurrit</strong></span> <span class='ocrx_word' id='word_1_52' title='bbox 1305 1173 1308 1183; x_wconf 89' lang='lat'><em>.</em></span> 
     </span>
     <span class='ocr_line' id='line_1_9' title="bbox 435 1206 1426 1289; baseline 0.003 -18"><span class='ocrx_word' id='word_1_53' title='bbox 435 1212 609 1285; x_wconf 82' lang='lat' dir='ltr'><strong>Damnatos‚</strong></span> <span class='ocrx_word' id='word_1_54' title='bbox 633 1209 690 1270; x_wconf 82' lang='lat' dir='ltr'><strong>fixa</strong></span> <span class='ocrx_word' id='word_1_55' title='bbox 713 1219 742 1269; x_wconf 92' lang='lat' dir='ltr'><strong>et</strong></span> <span class='ocrx_word' id='word_1_56' title='bbox 765 1209 866 1268; x_wconf 90' lang='lat' dir='ltr'><strong>mutari</strong></span> <span class='ocrx_word' id='word_1_57' title='bbox 888 1210 998 1268; x_wconf 87' lang='lat' dir='ltr'><strong>nescia.</strong></span> <span class='ocrx_word' id='word_1_58' title='bbox 1030 1206 1188 1289; x_wconf 84' lang='lat' dir='ltr'><strong>Numquis</strong></span> <span class='ocrx_word' id='word_1_59' title='bbox 1375 1222 1426 1275; x_wconf 74' lang='lat'><strong>240</strong></span> 
     </span>
     <span class='ocr_line' id='line_1_10' title="bbox 435 1289 1180 1373; baseline -0.004 -16"><span class='ocrx_word' id='word_1_60' title='bbox 435 1295 579 1357; x_wconf 87' lang='lat' dir='ltr'><strong>Peccandi</strong></span> <span class='ocrx_word' id='word_1_61' title='bbox 602 1295 686 1354; x_wconf 86' lang='lat' dir='ltr'><strong>buem</strong></span> <span class='ocrx_word' id='word_1_62' title='bbox 709 1295 806 1372; x_wconf 85' lang='lat' dir='ltr'><strong>posuit</strong></span> <span class='ocrx_word' id='word_1_63' title='bbox 828 1289 904 1353; x_wconf 84' lang='lat' dir='ltr'><strong>sibii</strong></span> <span class='ocrx_word' id='word_1_64' title='bbox 927 1294 1042 1373; x_wconf 89' lang='lat' dir='ltr'><strong>quando</strong></span> <span class='ocrx_word' id='word_1_65' title='bbox 1067 1295 1180 1373; x_wconf 90' lang='lat' dir='ltr'><strong>recepit</strong></span> 
     </span>
    </p>

    <p class='ocr_par' dir='ltr' id='par_1_5' title="bbox 435 1376 1158 1441">
     <span class='ocr_line' id='line_1_11' title="bbox 435 1376 1158 1441; baseline -0.004 0"><span class='ocrx_word' id='word_1_66' title='bbox 435 1379 567 1441; x_wconf 82' lang='lat' dir='ltr'><strong>Eiectum</strong></span> <span class='ocrx_word' id='word_1_67' title='bbox 588 1377 680 1438; x_wconf 88' lang='lat' dir='ltr'><strong>semei</strong></span> <span class='ocrx_word' id='word_1_68' title='bbox 702 1379 798 1438; x_wconf 89' lang='lat' dir='ltr'><strong>attrita</strong></span> <span class='ocrx_word' id='word_1_69' title='bbox 821 1377 858 1437; x_wconf 91' lang='lat' dir='ltr'><strong>de</strong></span> <span class='ocrx_word' id='word_1_70' title='bbox 882 1376 979 1438; x_wconf 88' lang='lat' dir='ltr'><strong>ircute</strong></span> <span class='ocrx_word' id='word_1_71' title='bbox 1000 1376 1158 1438; x_wconf 87' lang='lat' dir='ltr'><strong>ruborem?</strong></span> 
     </span>
    </p>

    <p class='ocr_par' dir='ltr' id='par_1_6' title="bbox 435 1462 1384 1626">
     <span class='ocr_line' id='line_1_12' title="bbox 435 1462 1384 1541; baseline 0 -17"><span class='ocrx_word' id='word_1_72' title='bbox 435 1464 572 1538; x_wconf 84' lang='lat' dir='ltr'><strong>Quisnam</strong></span> <span class='ocrx_word' id='word_1_73' title='bbox 596 1462 740 1524; x_wconf 90' lang='lat' dir='ltr'><strong>bominum</strong></span> <span class='ocrx_word' id='word_1_74' title='bbox 762 1471 824 1537; x_wconf 82' lang='lat' dir='ltr'><strong>est,</strong></span> <span class='ocrx_word' id='word_1_75' title='bbox 849 1479 935 1541; x_wconf 89' lang='lat' dir='ltr'><strong>quem</strong></span> <span class='ocrx_word' id='word_1_76' title='bbox 959 1471 988 1522; x_wconf 94' lang='lat' dir='ltr'><strong>tu</strong></span> <span class='ocrx_word' id='word_1_77' title='bbox 1013 1473 1178 1523; x_wconf 88' lang='lat' dir='ltr'><strong>contentum</strong></span> <span class='ocrx_word' id='word_1_78' title='bbox 1198 1463 1307 1525; x_wconf 88' lang='lat' dir='ltr'><strong>videris</strong></span> <span class='ocrx_word' id='word_1_79' title='bbox 1328 1483 1384 1524; x_wconf 89' lang='lat' dir='ltr'><strong>uno</strong></span> 
     </span>
     <span class='ocr_line' id='line_1_13' title="bbox 435 1545 1171 1626; baseline -0.003 -17"><span class='ocrx_word' id='word_1_80' title='bbox 435 1545 581 1626; x_wconf 80' lang='lat' dir='ltr'><strong>Flagitioi</strong></span> <span class='ocrx_word' id='word_1_81' title='bbox 612 1546 690 1607; x_wconf 91' lang='lat' dir='ltr'><strong>dabit</strong></span> <span class='ocrx_word' id='word_1_82' title='bbox 712 1547 739 1604; x_wconf 92' lang='lat' dir='ltr'><strong>in</strong></span> <span class='ocrx_word' id='word_1_83' title='bbox 765 1546 900 1625; x_wconf 87' lang='lat' dir='ltr'><strong>laqueum</strong></span> <span class='ocrx_word' id='word_1_84' title='bbox 922 1548 1048 1626; x_wconf 86' lang='lat' dir='ltr'><strong>vestigia</strong></span> <span class='ocrx_word' id='word_1_85' title='bbox 1070 1559 1171 1607; x_wconf 88' lang='lat' dir='ltr'><strong>noster</strong></span> 
     </span>
    </p>

    <p class='ocr_par' dir='ltr' id='par_1_7' title="bbox 435 1632 1427 1883">
     <span class='ocr_line' id='line_1_14' title="bbox 435 1632 1427 1710; baseline -0.003 -17"><span class='ocrx_word' id='word_1_86' title='bbox 435 1633 565 1693; x_wconf 79' lang='lat' dir='ltr'><strong>Perfidus</strong></span> <span class='ocrx_word' id='word_1_87' title='bbox 590 1640 619 1692; x_wconf 85' lang='lat' dir='ltr'><strong>et</strong></span> <span class='ocrx_word' id='word_1_88' title='bbox 641 1632 714 1709; x_wconf 81' lang='lat' dir='ltr'><strong>nigri</strong></span> <span class='ocrx_word' id='word_1_89' title='bbox 738 1633 863 1710; x_wconf 86' lang='lat' dir='ltr'><strong>patietur</strong></span> <span class='ocrx_word' id='word_1_90' title='bbox 885 1632 1014 1693; x_wconf 86' lang='lat' dir='ltr'><strong>carceris</strong></span> <span class='ocrx_word' id='word_1_91' title='bbox 1035 1651 1138 1694; x_wconf 89' lang='lat' dir='ltr'><strong>uncum</strong></span> <span class='ocrx_word' id='word_1_92' title='bbox 1376 1645 1427 1701; x_wconf 72' lang='lat'><strong>245</strong></span> 
     </span>
     <span class='ocr_line' id='line_1_15' title="bbox 435 1715 1282 1798; baseline 0.002 -21"><span class='ocrx_word' id='word_1_93' title='bbox 435 1717 493 1777; x_wconf 81' lang='lat' dir='ltr'><strong>Aut</strong></span> <span class='ocrx_word' id='word_1_94' title='bbox 514 1718 600 1777; x_wconf 91' lang='lat' dir='ltr'><strong>maris</strong></span> <span class='ocrx_word' id='word_1_95' title='bbox 622 1715 736 1795; x_wconf 77' lang='lat' dir='ltr'><strong>Aegaei</strong></span> <span class='ocrx_word' id='word_1_96' title='bbox 761 1734 863 1794; x_wconf 89' lang='lat' dir='ltr'><strong>rupem</strong></span> <span class='ocrx_word' id='word_1_97' title='bbox 888 1716 1089 1796; x_wconf 85' lang='lat' dir='ltr'><strong>scopulosque</strong></span> <span class='ocrx_word' id='word_1_98' title='bbox 1112 1718 1282 1798; x_wconf 82' lang='lat' dir='ltr'><strong>frequentes</strong></span> 
     </span>
     <span class='ocr_line' id='line_1_16' title="bbox 435 1801 1264 1883; baseline 0.002 -21"><span class='ocrx_word' id='word_1_99' title='bbox 435 1801 577 1862; x_wconf 76' lang='lat' dir='ltr'><strong>Exuiibus</strong></span> <span class='ocrx_word' id='word_1_100' title='bbox 598 1802 719 1879; x_wconf 88' lang='lat' dir='ltr'><strong>maguis.</strong></span> <span class='ocrx_word' id='word_1_101' title='bbox 750 1801 848 1861; x_wconf 86' lang='lat' dir='ltr'><strong>Poena</strong></span> <span class='ocrx_word' id='word_1_102' title='bbox 870 1801 1014 1879; x_wconf 83' lang='lat' dir='ltr'><strong>gaudebis</strong></span> <span class='ocrx_word' id='word_1_103' title='bbox 1037 1820 1133 1864; x_wconf 89' lang='lat' dir='ltr'><strong>amara</strong></span> <span class='ocrx_word' id='word_1_104' title='bbox 1261 1880 1264 1883; x_wconf 19' lang='lat'>¹</span> 
     </span>
    </p>

    <p class='ocr_par' dir='ltr' id='par_1_8' title="bbox 434 1884 1169 1966">
     <span class='ocr_line' id='line_1_17' title="bbox 434 1884 1169 1966; baseline 0.001 -19"><span class='ocrx_word' id='word_1_105' title='bbox 434 1884 565 1947; x_wconf 83' lang='lat' dir='ltr'><strong>Nominis</strong></span> <span class='ocrx_word' id='word_1_106' title='bbox 586 1886 688 1962; x_wconf 82' lang='lat' dir='ltr'><strong>invisi,</strong></span> <span class='ocrx_word' id='word_1_107' title='bbox 713 1886 887 1966; x_wconf 87' lang='lat' dir='ltr'><strong>tandemque</strong></span> <span class='ocrx_word' id='word_1_108' title='bbox 910 1885 1043 1947; x_wconf 83' lang='lat' dir='ltr'><strong>fatebere</strong></span> <span class='ocrx_word' id='word_1_109' title='bbox 1065 1886 1169 1964; x_wconf 86' lang='lat' dir='ltr'><strong>laetus,</strong></span> 
     </span>
    </p>

    <p class='ocr_par' dir='ltr' id='par_1_9' title="bbox 435 1968 1321 2050">
     <span class='ocr_line' id='line_1_18' title="bbox 435 1968 1321 2050; baseline 0.003 -20"><span class='ocrx_word' id='word_1_110' title='bbox 435 1968 499 2031; x_wconf 88' lang='lat' dir='ltr'><strong>Nec</strong></span> <span class='ocrx_word' id='word_1_111' title='bbox 520 1970 637 2032; x_wconf 86' lang='lat' dir='ltr'><strong>surdum</strong></span> <span class='ocrx_word' id='word_1_112' title='bbox 659 1990 714 2031; x_wconf 89' lang='lat' dir='ltr'><strong>nec</strong></span> <span class='ocrx_word' id='word_1_113' title='bbox 737 1969 870 2031; x_wconf 76' lang='lat' dir='ltr'><strong>Tiresian</strong></span> <span class='ocrx_word' id='word_1_114' title='bbox 904 1987 1076 2050; x_wconf 84' lang='lat' dir='ltr'><strong>quemquam</strong></span> <span class='ocrx_word' id='word_1_115' title='bbox 1100 1992 1167 2032; x_wconf 87' lang='lat' dir='ltr'><strong>esse</strong></span> <span class='ocrx_word' id='word_1_116' title='bbox 1192 1974 1321 2035; x_wconf 89' lang='lat' dir='ltr'><strong>deorum.</strong></span> 
     </span>
    </p>
   </div>
   <div class='ocr_carea' id='block_1_3' title="bbox 751 2306 1119 2372">
    <p class='ocr_par' dir='ltr' id='par_1_10' title="bbox 751 2306 1119 2372">
     <span class='ocr_line' id='line_1_19' title="bbox 751 2306 1119 2372; baseline 0.003 -1"><span class='ocrx_word' id='word_1_117' title='bbox 751 2306 989 2372; x_wconf 82' lang='lat' dir='ltr'>SATIR‘A</span> <span class='ocrx_word' id='word_1_118' title='bbox 1025 2306 1119 2372; x_wconf 86' lang='lat' dir='ltr'>XIV.</span> 
     </span>
    </p>
   </div>
   <div class='ocr_carea' id='block_1_4' title="bbox 433 2439 1427 3816">
    <p class='ocr_par' dir='ltr' id='par_1_11' title="bbox 435 2439 1267 2545">
     <span class='ocr_line' id='line_1_20' title="bbox 435 2439 1267 2545; baseline -0.004 -16"><span class='ocrx_word' id='word_1_119' title='bbox 435 2439 568 2530; x_wconf 76' lang='lat' dir='ltr'><strong>Plurima</strong></span> <span class='ocrx_word' id='word_1_120' title='bbox 592 2474 672 2541; x_wconf 84' lang='lat' dir='ltr'><strong>sunt,</strong></span> <span class='ocrx_word' id='word_1_121' title='bbox 695 2464 838 2541; x_wconf 83' lang='lat' dir='ltr'><strong>Fuscine,</strong></span> <span class='ocrx_word' id='word_1_122' title='bbox 863 2476 893 2526; x_wconf 90' lang='lat' dir='ltr'><strong>et</strong></span> <span class='ocrx_word' id='word_1_123' title='bbox 913 2469 988 2528; x_wconf 88' lang='lat' dir='ltr'><strong>iama</strong></span> <span class='ocrx_word' id='word_1_124' title='bbox 1013 2466 1097 2545; x_wconf 86' lang='lat' dir='ltr'><strong>digna</strong></span> <span class='ocrx_word' id='word_1_125' title='bbox 1124 2466 1239 2526; x_wconf 87' lang='lat' dir='ltr'><strong>sinistra</strong></span> <span class='ocrx_word' id='word_1_126' title='bbox 1263 2500 1267 2506; x_wconf 94' lang='lat'>·</span> 
     </span>
    </p>

    <p class='ocr_par' dir='ltr' id='par_1_12' title="bbox 434 2549 1201 2630">
     <span class='ocr_line' id='line_1_21' title="bbox 434 2549 1201 2630; baseline -0.007 -16"><span class='ocrx_word' id='word_1_127' title='bbox 434 2553 472 2614; x_wconf 83' lang='lat' dir='ltr'><strong>Et</strong></span> <span class='ocrx_word' id='word_1_128' title='bbox 497 2549 594 2610; x_wconf 91' lang='lat' dir='ltr'><strong>nitidis</strong></span> <span class='ocrx_word' id='word_1_129' title='bbox 615 2549 756 2610; x_wconf 82' lang='lat' dir='ltr'><strong>maculam</strong></span> <span class='ocrx_word' id='word_1_130' title='bbox 782 2550 935 2613; x_wconf 84' lang='lat' dir='ltr'><strong>haesuram</strong></span> <span class='ocrx_word' id='word_1_131' title='bbox 959 2552 1078 2630; x_wconf 83' lang='lat' dir='ltr'><strong>figentia</strong></span> <span class='ocrx_word' id='word_1_132' title='bbox 1101 2549 1201 2625; x_wconf 87' lang='lat' dir='ltr'><strong>rebus,</strong></span> 
     </span>
    </p>

    <p class='ocr_par' dir='ltr' id='par_1_13' title="bbox 435 2636 1269 2716">
     <span class='ocr_line' id='line_1_22' title="bbox 435 2636 1269 2716; baseline -0.005 -20"><span class='ocrx_word' id='word_1_133' title='bbox 435 2636 517 2712; x_wconf 81' lang='lat' dir='ltr'><strong>Quae</strong></span> <span class='ocrx_word' id='word_1_134' title='bbox 540 2643 700 2695; x_wconf 88' lang='lat' dir='ltr'><strong>monstrant</strong></span> <span class='ocrx_word' id='word_1_135' title='bbox 724 2636 780 2713; x_wconf 93' lang='lat' dir='ltr'><strong>ipsi</strong></span> <span class='ocrx_word' id='word_1_136' title='bbox 804 2637 905 2715; x_wconf 89' lang='lat' dir='ltr'><strong>pueris</strong></span> <span class='ocrx_word' id='word_1_137' title='bbox 926 2638 1100 2716; x_wconf 88' lang='lat' dir='ltr'><strong>traduntque</strong></span> <span class='ocrx_word' id='word_1_138' title='bbox 1123 2644 1269 2714; x_wconf 87' lang='lat' dir='ltr'><strong>parentes.</strong></span> 
     </span>
    </p>

    <p class='ocr_par' dir='ltr' id='par_1_14' title="bbox 434 2720 1220 2796">
     <span class='ocr_line' id='line_1_23' title="bbox 434 2720 1220 2796; baseline -0.004 -15"><span class='ocrx_word' id='word_1_139' title='bbox 434 2723 465 2781; x_wconf 88' lang='lat' dir='ltr'><strong>Si</strong></span> <span class='ocrx_word' id='word_1_140' title='bbox 492 2721 629 2781; x_wconf 90' lang='lat' dir='ltr'><strong>damnosa</strong></span> <span class='ocrx_word' id='word_1_141' title='bbox 656 2739 757 2780; x_wconf 91' lang='lat' dir='ltr'><strong>senem</strong></span> <span class='ocrx_word' id='word_1_142' title='bbox 782 2722 861 2782; x_wconf 87' lang='lat' dir='ltr'><strong>iuvat</strong></span> <span class='ocrx_word' id='word_1_143' title='bbox 881 2722 962 2796; x_wconf 86' lang='lat' dir='ltr'><strong>alea,</strong></span> <span class='ocrx_word' id='word_1_144' title='bbox 989 2722 1061 2782; x_wconf 89' lang='lat' dir='ltr'><strong>ludit</strong></span> <span class='ocrx_word' id='word_1_145' title='bbox 1082 2729 1111 2779; x_wconf 92' lang='lat' dir='ltr'><strong>et</strong></span> <span class='ocrx_word' id='word_1_146' title='bbox 1133 2720 1220 2780; x_wconf 88' lang='lat' dir='ltr'><strong>heres</strong></span> 
     </span>
    </p>

    <p class='ocr_par' dir='ltr' id='par_1_15' title="bbox 435 2803 1427 2971">
     <span class='ocr_line' id='line_1_24' title="bbox 435 2803 1427 2887; baseline -0.005 -20"><span class='ocrx_word' id='word_1_147' title='bbox 435 2804 564 2867; x_wconf 80' lang='lat' dir='ltr'><strong>bullatus</strong></span> <span class='ocrx_word' id='word_1_148' title='bbox 588 2821 739 2887; x_wconf 86' lang='lat' dir='ltr'><strong>parvoque</strong></span> <span class='ocrx_word' id='word_1_149' title='bbox 763 2805 865 2866; x_wconf 87' lang='lat' dir='ltr'><strong>eadem</strong></span> <span class='ocrx_word' id='word_1_150' title='bbox 887 2815 986 2867; x_wconf 85' lang='lat' dir='ltr'><strong>moret</strong></span> <span class='ocrx_word' id='word_1_151' title='bbox 1009 2823 1087 2866; x_wconf 90' lang='lat' dir='ltr'><strong>arma</strong></span> <span class='ocrx_word' id='word_1_152' title='bbox 1109 2803 1220 2864; x_wconf 80' lang='lat' dir='ltr'><strong>fritillo.</strong></span> <span class='ocrx_word' id='word_1_153' title='bbox 1410 2818 1427 2869; x_wconf 77' lang='lat' dir='ltr'><strong>o</strong></span> 
     </span>
     <span class='ocr_line' id='line_1_25' title="bbox 435 2887 1223 2971; baseline -0.003 -22"><span class='ocrx_word' id='word_1_154' title='bbox 435 2888 498 2950; x_wconf 87' lang='lat' dir='ltr'><strong>Nec</strong></span> <span class='ocrx_word' id='word_1_155' title='bbox 519 2887 621 2948; x_wconf 89' lang='lat' dir='ltr'><strong>melius</strong></span> <span class='ocrx_word' id='word_1_156' title='bbox 643 2887 680 2949; x_wconf 89' lang='lat' dir='ltr'><strong>de</strong></span> <span class='ocrx_word' id='word_1_157' title='bbox 701 2908 734 2949; x_wconf 93' lang='lat' dir='ltr'><strong>se</strong></span> <span class='ocrx_word' id='word_1_158' title='bbox 758 2892 890 2969; x_wconf 89' lang='lat' dir='ltr'><strong>cuiquam</strong></span> <span class='ocrx_word' id='word_1_159' title='bbox 914 2907 1036 2971; x_wconf 83' lang='lat' dir='ltr'><strong>sperare</strong></span> <span class='ocrx_word' id='word_1_160' title='bbox 1057 2890 1223 2969; x_wconf 90' lang='lat' dir='ltr'><strong>propinquo</strong></span> 
     </span>
    </p>

    <p class='ocr_par' dir='ltr' id='par_1_16' title="bbox 435 2971 1197 3054">
     <span class='ocr_line' id='line_1_26' title="bbox 435 2971 1197 3054; baseline -0.003 -20"><span class='ocrx_word' id='word_1_161' title='bbox 435 2971 587 3034; x_wconf 79' lang='lat' dir='ltr'><strong>Concedet</strong></span> <span class='ocrx_word' id='word_1_162' title='bbox 608 2974 738 3051; x_wconf 88' lang='lat' dir='ltr'><strong>iuvenis,</strong></span> <span class='ocrx_word' id='word_1_163' title='bbox 766 2976 814 3054; x_wconf 92' lang='lat' dir='ltr'><strong>qui</strong></span> <span class='ocrx_word' id='word_1_164' title='bbox 836 2976 941 3036; x_wconf 90' lang='lat' dir='ltr'><strong>radere</strong></span> <span class='ocrx_word' id='word_1_165' title='bbox 962 2975 1067 3036; x_wconf 88' lang='lat' dir='ltr'><strong>tubera</strong></span> <span class='ocrx_word' id='word_1_166' title='bbox 1089 2983 1197 3044; x_wconf 83' lang='lat' dir='ltr'><strong>terrae,</strong></span> 
     </span>
    </p>

    <p class='ocr_par' dir='ltr' id='par_1_17' title="bbox 435 3056 1134 3121">
     <span class='ocr_line' id='line_1_27' title="bbox 435 3056 1134 3121; baseline -0.001 -1"><span class='ocrx_word' id='word_1_167' title='bbox 435 3058 567 3120; x_wconf 89' lang='lat' dir='ltr'><strong>Boletum</strong></span> <span class='ocrx_word' id='word_1_168' title='bbox 590 3056 710 3119; x_wconf 86' lang='lat' dir='ltr'><strong>condire</strong></span> <span class='ocrx_word' id='word_1_169' title='bbox 734 3068 763 3118; x_wconf 90' lang='lat' dir='ltr'><strong>et</strong></span> <span class='ocrx_word' id='word_1_170' title='bbox 785 3060 891 3120; x_wconf 86' lang='lat' dir='ltr'><strong>eodem</strong></span> <span class='ocrx_word' id='word_1_171' title='bbox 915 3062 977 3121; x_wconf 91' lang='lat' dir='ltr'><strong>iure</strong></span> <span class='ocrx_word' id='word_1_172' title='bbox 1002 3068 1134 3120; x_wconf 89' lang='lat' dir='ltr'><strong>natantes</strong></span> 
     </span>
    </p>

    <p class='ocr_par' dir='ltr' id='par_1_18' title="bbox 435 3141 1194 3222">
     <span class='ocr_line' id='line_1_28' title="bbox 435 3141 1194 3222; baseline -0.003 -19"><span class='ocrx_word' id='word_1_173' title='bbox 435 3143 573 3221; x_wconf 82' lang='lat' dir='ltr'><strong>biergere</strong></span> <span class='ocrx_word' id='word_1_174' title='bbox 598 3141 738 3203; x_wconf 82' lang='lat' dir='ltr'><strong>ficedulas</strong></span> <span class='ocrx_word' id='word_1_175' title='bbox 763 3141 879 3220; x_wconf 87' lang='lat' dir='ltr'><strong>didicit,</strong></span> <span class='ocrx_word' id='word_1_176' title='bbox 901 3143 1050 3206; x_wconf 89' lang='lat' dir='ltr'><strong>nebulone</strong></span> <span class='ocrx_word' id='word_1_177' title='bbox 1071 3151 1194 3222; x_wconf 89' lang='lat' dir='ltr'><strong>parente</strong></span> 
     </span>
    </p>

    <p class='ocr_par' dir='ltr' id='par_1_19' title="bbox 435 3227 1427 3390">
     <span class='ocr_line' id='line_1_29' title="bbox 435 3227 1427 3309; baseline -0.004 -20"><span class='ocrx_word' id='word_1_178' title='bbox 435 3228 472 3289; x_wconf 85' lang='lat' dir='ltr'><strong>Et</strong></span> <span class='ocrx_word' id='word_1_179' title='bbox 497 3245 569 3289; x_wconf 85' lang='lat' dir='ltr'><strong>cana</strong></span> <span class='ocrx_word' id='word_1_180' title='bbox 590 3236 769 3288; x_wconf 89' lang='lat' dir='ltr'><strong>monstrante</strong></span> <span class='ocrx_word' id='word_1_181' title='bbox 793 3227 877 3306; x_wconf 90' lang='lat' dir='ltr'><strong>gula:</strong></span> <span class='ocrx_word' id='word_1_182' title='bbox 902 3249 987 3309; x_wconf 91' lang='lat' dir='ltr'><strong>quum</strong></span> <span class='ocrx_word' id='word_1_183' title='bbox 1011 3229 1151 3307; x_wconf 90' lang='lat' dir='ltr'><strong>septimus</strong></span> <span class='ocrx_word' id='word_1_184' title='bbox 1173 3245 1263 3287; x_wconf 88' lang='lat' dir='ltr'><strong>annus</strong></span> <span class='ocrx_word' id='word_1_185' title='bbox 1396 3240 1427 3289; x_wconf 88' lang='grc' dir='ltr'><strong>ιο</strong></span> 
     </span>
     <span class='ocr_line' id='line_1_30' title="bbox 435 3311 1252 3390; baseline -0.002 -17"><span class='ocrx_word' id='word_1_186' title='bbox 435 3311 595 3373; x_wconf 81' lang='lat' dir='ltr'><strong>Transierit</strong></span> <span class='ocrx_word' id='word_1_187' title='bbox 613 3329 752 3390; x_wconf 87' lang='lat' dir='ltr'><strong>puerum,</strong></span> <span class='ocrx_word' id='word_1_188' title='bbox 778 3313 903 3373; x_wconf 89' lang='lat' dir='ltr'><strong>noudum</strong></span> <span class='ocrx_word' id='word_1_189' title='bbox 929 3314 1005 3373; x_wconf 93' lang='lat' dir='ltr'><strong>omui</strong></span> <span class='ocrx_word' id='word_1_190' title='bbox 1027 3313 1115 3373; x_wconf 88' lang='lat' dir='ltr'><strong>dente</strong></span> <span class='ocrx_word' id='word_1_191' title='bbox 1138 3320 1252 3386; x_wconf 83' lang='lat' dir='ltr'><strong>renato,</strong></span> 
     </span>
    </p>

    <p class='ocr_par' dir='ltr' id='par_1_20' title="bbox 434 3395 1235 3474">
     <span class='ocr_line' id='line_1_31' title="bbox 434 3395 1235 3474; baseline -0.002 -17"><span class='ocrx_word' id='word_1_192' title='bbox 434 3395 577 3457; x_wconf 87' lang='lat' dir='ltr'><strong>Barbatus</strong></span> <span class='ocrx_word' id='word_1_193' title='bbox 602 3395 673 3457; x_wconf 85' lang='lat' dir='ltr'><strong>iicet</strong></span> <span class='ocrx_word' id='word_1_194' title='bbox 693 3395 851 3458; x_wconf 87' lang='lat' dir='ltr'><strong>admoveas</strong></span> <span class='ocrx_word' id='word_1_195' title='bbox 877 3397 957 3459; x_wconf 88' lang='lat' dir='ltr'><strong>mille</strong></span> <span class='ocrx_word' id='word_1_196' title='bbox 977 3399 1043 3459; x_wconf 91' lang='lat' dir='ltr'><strong>iude</strong></span> <span class='ocrx_word' id='word_1_197' title='bbox 1068 3397 1235 3474; x_wconf 84' lang='lat' dir='ltr'><strong>magistros,</strong></span> 
     </span>
    </p>

    <p class='ocr_par' dir='ltr' id='par_1_21' title="bbox 434 3480 1175 3561">
     <span class='ocr_line' id='line_1_32' title="bbox 434 3480 1175 3561; baseline -0.003 -19"><span class='ocrx_word' id='word_1_198' title='bbox 434 3480 507 3542; x_wconf 86' lang='lat' dir='ltr'><strong>Hinc</strong></span> <span class='ocrx_word' id='word_1_199' title='bbox 528 3480 664 3557; x_wconf 85' lang='lat' dir='ltr'><strong>totidem,</strong></span> <span class='ocrx_word' id='word_1_200' title='bbox 690 3483 790 3561; x_wconf 90' lang='lat' dir='ltr'><strong>cupiet</strong></span> <span class='ocrx_word' id='word_1_201' title='bbox 813 3482 892 3543; x_wconf 90' lang='lat' dir='ltr'><strong>iauto</strong></span> <span class='ocrx_word' id='word_1_202' title='bbox 919 3500 1047 3543; x_wconf 88' lang='lat' dir='ltr'><strong>coenare</strong></span> <span class='ocrx_word' id='word_1_203' title='bbox 1073 3490 1175 3561; x_wconf 90' lang='lat' dir='ltr'><strong>paratu</strong></span> 
     </span>
    </p>

    <p class='ocr_par' dir='ltr' id='par_1_22' title="bbox 434 3565 1195 3645">
     <span class='ocr_line' id='line_1_33' title="bbox 434 3565 1195 3645; baseline -0.001 -21"><span class='ocrx_word' id='word_1_204' title='bbox 434 3567 559 3643; x_wconf 89' lang='lat' dir='ltr'><strong>Semper</strong></span> <span class='ocrx_word' id='word_1_205' title='bbox 584 3575 614 3624; x_wconf 89' lang='lat' dir='ltr'><strong>et</strong></span> <span class='ocrx_word' id='word_1_206' title='bbox 639 3584 655 3626; x_wconf 91' lang='lat' dir='ltr'><strong>a</strong></span> <span class='ocrx_word' id='word_1_207' title='bbox 681 3582 862 3645; x_wconf 87' lang='lat' dir='ltr'><strong>magnanon</strong></span> <span class='ocrx_word' id='word_1_208' title='bbox 884 3566 1067 3644; x_wconf 87' lang='lat' dir='ltr'><strong>degenerare</strong></span> <span class='ocrx_word' id='word_1_209' title='bbox 1092 3565 1195 3627; x_wconf 86' lang='lat' dir='ltr'><strong>culina.</strong></span> 
     </span>
    </p>

    <p class='ocr_par' dir='ltr' id='par_1_23' title="bbox 433 3648 1427 3816">
     <span class='ocr_line' id='line_1_34' title="bbox 433 3648 1427 3729; baseline 0.001 -19"><span class='ocrx_word' id='word_1_210' title='bbox 433 3648 532 3710; x_wconf 83' lang='lat' dir='ltr'><strong>blitem</strong></span> <span class='ocrx_word' id='word_1_211' title='bbox 554 3651 677 3710; x_wconf 91' lang='lat' dir='ltr'><strong>animum</strong></span> <span class='ocrx_word' id='word_1_212' title='bbox 702 3659 732 3711; x_wconf 85' lang='lat' dir='ltr'><strong>et</strong></span> <span class='ocrx_word' id='word_1_213' title='bbox 753 3652 999 3722; x_wconf 76' lang='lat' dir='ltr'><strong>moresmodicis</strong></span> <span class='ocrx_word' id='word_1_214' title='bbox 1018 3649 1168 3713; x_wconf 90' lang='lat' dir='ltr'><strong>erroribus</strong></span> <span class='ocrx_word' id='word_1_215' title='bbox 1194 3666 1306 3729; x_wconf 84' lang='lat' dir='ltr'><strong>aequos</strong></span> <span class='ocrx_word' id='word_1_216' title='bbox 1395 3658 1427 3711; x_wconf 78' lang='lat' dir='ltr'><strong>lo</strong></span> 
     </span>
     <span class='ocr_line' id='line_1_35' title="bbox 434 3733 1330 3816; baseline -0.002 -20"><span class='ocrx_word' id='word_1_217' title='bbox 434 3733 579 3812; x_wconf 84' lang='lat' dir='ltr'><strong>Praecipit</strong></span> <span class='ocrx_word' id='word_1_218' title='bbox 606 3744 694 3814; x_wconf 90' lang='lat' dir='ltr'><strong>atque</strong></span> <span class='ocrx_word' id='word_1_219' title='bbox 716 3737 825 3797; x_wconf 87' lang='lat' dir='ltr'><strong>animas</strong></span> <span class='ocrx_word' id='word_1_220' title='bbox 847 3755 1000 3800; x_wconf 79' lang='lat' dir='ltr'><strong>servornm</strong></span> <span class='ocrx_word' id='word_1_221' title='bbox 1023 3746 1053 3799; x_wconf 90' lang='lat' dir='ltr'><strong>et</strong></span> <span class='ocrx_word' id='word_1_222' title='bbox 1080 3752 1206 3816; x_wconf 89' lang='lat' dir='ltr'><strong>corpora</strong></span> <span class='ocrx_word' id='word_1_223' title='bbox 1231 3743 1330 3795; x_wconf 86' lang='lat' dir='ltr'><strong>uestra</strong></span> 
     </span>
    </p>
   </div>
   <div class='ocr_carea' id='block_1_5' title="bbox 0 0 1722 4575">
    <p class='ocr_par' dir='ltr' id='par_1_24' title="bbox 0 0 1722 4575">
     <span class='ocr_line' id='line_1_36' title="bbox 0 0 1722 4575; baseline 0 0"><span class='ocrx_word' id='word_1_224' title='bbox 0 0 1722 4575; x_wconf 95' lang='lat' dir='ltr'><strong> </strong></span> 
     </span>
    </p>
   </div>
  </div>
 </body>
</html>
