3434 4575
703 422 909 473 maranno.
1276 422 1298 473 V

320 569 519 643 monstruosis
531 573 748 644 demumserIptis,
761 573 848 644 quibus
859 587 902 628 eos
916 580 986 643 poeta
998 573 1141 634 inlersIsset.
1154 573 1183 626 ab
1198 573 1298 643 impera-

320 667 365 712 tore
375 659 398 711 In
408 661 446 713 sui
457 658 576 729 temporis
587 658 736 713 notationem
752 666 866 728 acceptos
884 673 938 713 esse
948 659 1047 722 volunt,
1065 659 1096 713 de
1107 658 1208 714 Traiano
1219 657 1299 728 potius

319 743 434 813 cogitasse
451 744 578 806 videntur.
596 758 668 815 quem
688 745 801 816 Pyladem
817 743 956 798 saltatorem
975 744 999 797 ln
1016 743 1107 798 deliciis
1123 742 1236 798 habuisse
1252 741 1299 797 llio
1338 742 1340 746 ‘

318 827 379 882 Ces.
391 827 497 882 LXVIII.
512 833 545 884 10
555 837 644 884 narrat.
678 830 766 884 Verum
782 831 847 884 enim
865 844 923 883 vero
941 843 1019 898 nequo
1037 829 1114 884 isfuit
1124 829 1246 892 Traianus,
1258 826 1298 898 qui

318 910 434 966 histrionis
452 913 527 968 favori
547 914 710 984 praefecturas
727 923 751 970 et
769 913 906 969 tribunatus
931 913 1081 984 Indulgeret.
1099 927 1176 984 neque
1191 911 1236 968 sub
1252 911 1298 966 bor

319 997 450 1051 Iuvenalem
461 998 551 1052 obiisse
563 1007 657 1054 eertum
667 1008 721 1060 ost;
732 1000 797 1071 quod
808 999 849 1053 ubi
861 999 935 1053 semel
948 998 977 1052 ab
985 997 1095 1053 Hadriani
1107 997 1208 1068 imperio
1219 1011 1293 1051 remo·

316 1083 361 1135 reri
379 1090 465 1151 poetae
482 1083 582 1137 exilium
598 1098 698 1138 neeesse
716 1094 767 1148 est,
785 1083 843 1139 nihil
856 1090 895 1137 aut
907 1083 1039 1153 slmplieius
1052 1093 1093 1137 aut
1110 1085 1186 1137 tutius
1196 1082 1298 1143 videtur.

316 1183 384 1237 qnam
394 1174 421 1220 ut
433 1167 550 1234 plurimos
564 1176 674 1223 auetoros
686 1169 763 1224 secuti
775 1168 804 1222 ad
816 1167 980 1223 Domitianum
991 1168 1124 1230 redeamus,
1136 1181 1208 1238 quem
1219 1175 1244 1220 et
1255 1165 1298 1219 Pa-

316 1252 388 1305 ridem
406 1252 489 1306 ulcisci
509 1254 614 1307 maxime
630 1262 818 1308 consentaneum
838 1260 890 1307 erat
901 1260 925 1306 et
943 1253 1001 1307 illud
1011 1254 1109 1307 ultionis
1120 1266 1212 1323 genus.
1235 1250 1298 1321 quod

317 1346 382 1404 poeta
396 1344 511 1405 expertus
521 1346 565 1399 nst
578 1340 655 1393 multo
667 1339 746 1410 magis
759 1354 831 1409 quarn
843 1337 970 1392 Traianum
981 1338 1075 1399 decuit:
1088 1338 1162 1392 Immo
1173 1335 1235 1390 baud
1247 1335 1299 1389 seio

316 1437 343 1474 an
354 1421 407 1490 lpse
417 1419 533 1475 Traianus
549 1424 628 1492 primo
639 1438 683 1494 per
700 1438 805 1477 errorem
823 1423 847 1476 in
864 1423 1014 1477 librariorum
1034 1438 1118 1477 manus
1135 1420 1239 1482 venerit.
1258 1419 1298 1492 qui

316 1504 410 1577 opsoni
421 1506 621 1575 appellationem,
634 1524 680 1579 qua
691 1524 753 1562 unius
764 1523 848 1562 eornm
860 1523 918 1562 usus
928 1515 977 1569 est,
990 1522 1003 1561 a
1015 1507 1152 1562 Domitiano
1165 1506 1193 1560 od
1205 1505 1297 1559 Traiani

317 1605 401 1645 nomen
412 1590 591 1662 detorquerent.
623 1593 694 1662 toqui
707 1592 857 1647 [tomitianus
872 1593 892 1646 si
904 1592 1039 1647 iuvenalem
1055 1606 1159 1664 peregre
1169 1589 1297 1662 ablegavit,

317 1676 376 1730 ultro
388 1675 510 1746 sequitur,
529 1682 558 1730 ut
568 1678 630 1732 mori
641 1676 681 1731 bio
699 1679 722 1731 in
733 1678 805 1731 exilio
824 1691 872 1730 nou
885 1678 1003 1746 potuerit:
1024 1676 1111 1747 qqupe
1126 1687 1150 1731 et
1160 1674 1297 1746 posterioris
1313 1694 1316 1700 ·

316 1761 580 1831 aeutisrastamquam
598 1762 708 1817 oculatus
719 1763 788 1815 testis
804 1763 878 1815 relert
896 1762 994 1831 etipsas
1004 1761 1102 1824 satiras,
1119 1775 1220 1832 quarum
1231 1774 1297 1813 com·

317 1846 394 1915 plnres
404 1860 502 1898 scenam
513 1844 605 1900 Romae
620 1846 723 1908 liabent.
743 1855 799 1915 post
809 1845 938 1899 Domitiani
956 1846 1053 1900 demum
1070 1853 1173 1900 mortem
1188 1844 1297 1914 scripsita

319 1939 436 1999 postremo
451 1931 589 2002 plerosque,
603 1947 664 2002 quos
674 1931 826 1986 Domitianus
838 1931 925 1983 Iniuste
936 1931 1053 1992 eiecisset
1067 1929 1210 1992 maisnillo,
1224 1944 1296 1999 quum

316 2016 392 2069 omnia
404 2029 466 2085 quae
476 2023 592 2070 statuerat
604 2016 628 2070 iu
639 2017 731 2070 Irritum
743 2017 894 2075 duoerentur.
907 2014 937 2068 de
948 2015 1019 2069 exilio
1032 2015 1130 2069 rediisse
1140 2013 1297 2082 HIeronymut

315 2101 343 2154 ad
354 2098 444 2154 Luseb.
454 2097 545 2154 Cbroo.
553 2098 592 2157 Ol.
604 2103 657 2158 219
666 2109 782 2161 testanrr;
793 2099 879 2170 quibus
891 2100 935 2153 etsi
948 2115 1010 2154 rinus
1023 2098 1152 2154 scholiasta
1163 2097 1297 2153 Iuvenalem

314 2185 402 2239 diserte
412 2185 505 2248 eximit,
517 2185 577 2240 alius
587 2201 636 2240 non
647 2187 727 2240 miuus
738 2186 802 2238 claro
810 2184 914 2238 eundem
921 2183 1023 2239 Romam
1035 2199 1156 2239 reversum
1166 2182 1297 2238 Martialem

313 2284 384 2324 suum
396 2268 544 2325 desiderasse
557 2277 651 2337 narrat,
675 2270 714 2342 qui
732 2277 858 2342 postquam
874 2268 919 2324 sub
938 2269 1030 2324 Nerone
1047 2267 1176 2340 primordIa
1193 2266 1298 2323 Bilbilim

314 2355 414 2426 patriam
430 2355 540 2423 repetiit,
563 2355 619 2409 iude
636 2354 721 2427 EpIgr.
736 2354 789 2411 XII.
812 2356 842 2409 18
859 2355 993 2408 Iuvenalem
1012 2363 1134 2426 tamquam
1150 2353 1253 2409 elnaem
1272 2352 1297 2405 nn

313 2437 409 2495 &obsto
423 2448 540 2495 monton
551 2440 674 2503 salutavit,
691 2455 796 2510 mourpre
808 2441 869 2493 iutra
879 2440 970 2509 primos
981 2439 1074 2494 Traiani
1090 2453 1165 2493 annos
1175 2438 1264 2492 ibidem
1276 2436 1299 2489 in

314 2523 426 2593 HispanIa
435 2524 552 2587 decessit:
564 2524 751 2595 el.lrrtpp.Plln.
762 2522 885 2594 Epistlll.
898 2530 945 2585 213
959 2523 1030 2577 butus
1041 2525 1116 2594 igitur
1126 2522 1298 2585 testlmonium

313 2609 378 2680 quod
390 2607 502 2663 Martialis
512 2610 642 2664 auotoritas
655 2609 789 2673 eondrmat,
801 2608 905 2679 amplexi
914 2608 944 2662 ab
957 2609 1030 2663 altero
1043 2608 1100 2663 illud
1115 2607 1187 2662 modo
1198 2606 1299 2674 accipie·

314 2709 381 2757 mus,
400 2694 424 2748 iu
442 2709 490 2764 quo
506 2702 608 2765 uterque
625 2694 759 2760 consentit,
781 2701 920 2748 antonavas
930 2692 1069 2765 pompas,
1086 2692 1133 2746 boe
1150 2700 1188 2745 est
1198 2691 1299 2745 Nervam
1342 2683 1344 2690 ⁴

314 2788 339 2833 et
353 2778 495 2841 Traianum,
507 2786 603 2849 poetam
615 2779 751 2850 relegatum
762 2792 829 2837 essm
841 2778 926 2832 mortis
937 2785 1048 2846 tempus,
1061 2792 1131 2847 quarn
1144 2777 1219 2830 redux
1232 2775 1297 2834 obiit.

313 2878 389 2935 quum
400 2861 446 2916 sub
457 2862 557 2918 Traiano
574 2862 632 2933 poni
643 2869 758 2933 nequeat.
776 2870 858 2916 utrum
877 2861 905 2916 ad
920 2861 1030 2915 Hadriani
1044 2878 1072 2916 an
1091 2860 1153 2931 quod
1171 2859 1211 2914 ille
1229 2859 1299 2912 tradit

314 2949 343 3001 ad
356 2948 468 3001 Antonini
481 2948 514 3001 Pii
528 2948 654 3018 Imperium
666 2948 795 3017 pertnent,
804 2948 828 3002 ln
839 2946 954 3019 ambiguo
965 2946 1134 3017 relmquemus.

401 3031 523 3096 Quantum
540 3033 616 3103 igitur
627 3034 650 3086 in
662 3033 735 3086 tantis
751 3031 856 3086 tenebris
869 3031 935 3101 quasi
948 3046 990 3100 per
1001 3039 1153 3085 transennam
1165 3029 1298 3098 aspleionti-

314 3119 360 3173 bus
373 3119 511 3171 eonieetura
523 3118 616 3187 assequi
628 3117 699 3179 lieet,
719 3116 869 3170 llomitianus
881 3115 1015 3169 Iuvenalem
1026 3113 1072 3169 sub
1084 3116 1185 3168 honesta
1202 3112 1300 3166 militiae

314 3201 397 3273 speeie
406 3202 505 3256 exulare
521 3202 603 3264 iussit,
623 3202 674 3257 slve
684 3201 739 3255 rino
750 3199 846 3261 Pande.
866 3215 937 3270 quem
950 3208 1030 3253 tamen
1043 3200 1121 3268 ipsum
1138 3198 1184 3251 iam
1196 3212 1217 3251 a.
1228 3200 1263 3253 82
1275 3212 1299 3265 p.

315 3287 373 3341 Cirr.
395 3285 505 3339 adulterii
524 3286 624 3340 erImIne
640 3286 740 3356 perlisse
756 3284 828 3339 tradit
845 3283 890 3338 Dio
908 3284 974 3339 Cass.
988 3284 1081 3339 LXVII.
1094 3286 1119 3346 3,
1132 3283 1181 3335 sive
1194 3289 1298 3344 mortuo,

314 3372 370 3444 quia
383 3371 448 3425 illius
459 3371 556 3425 nomiae
573 3384 601 3425 se
619 3371 696 3425 notari
709 3368 860 3424 Domitianus
871 3369 1046 3438 suspicaretur:
1063 3368 1111 3421 boe
1126 3373 1207 3420 autern
1222 3366 1302 3435 posito

313 3457 334 3512 si
345 3456 378 3510 de
387 3455 443 3510 loeo
454 3454 518 3509 exilii
530 3457 680 3526 quaerimus,
692 3456 732 3509 vix
747 3454 919 3525 intelligimus,
931 3452 1052 3524 quomodo
1067 3458 1105 3506 tot
1116 3450 1226 3505 homines
1237 3450 1302 3503 doeti

314 3541 390 3596 etiam
409 3555 475 3593 nuno
485 3541 622 3611 Aegyptum
638 3539 719 3595 Sentis
740 3540 778 3593 uel
789 3545 817 3593 ut
827 3552 858 3592 ea
870 3538 939 3592 istius
951 3538 1035 3592 aetatis
1052 3551 1097 3589 usu
1114 3535 1205 3589 reetius
1215 3534 1302 3589 dieitur

314 3624 464 3681 Caledoniae
474 3624 594 3694 praeferre
611 3625 760 3688 sustineant,
776 3638 847 3694 quam
859 3622 907 3676 iam
919 3623 942 3676 in
953 3622 995 3676 illo
1006 3620 1131 3691 prooemio
1143 3618 1256 3674 omnibus
1266 3635 1301 3673 ra·

314 3708 425 3766 daubus
434 3708 560 3764 obuncos
575 3710 652 3764 multu
670 3708 752 3777 plures
768 3705 943 3777 probabilitatis
958 3719 1072 3760 uumems
1090 3702 1179 3758 habere
1198 3701 1301 3758 ostendi·

315 3810 380 3851 mus.
404 3791 474 3849 llitto
487 3792 637 3858 lmlldinur,
648 3794 690 3864 qul
701 3796 725 3847 in
737 3792 765 3847 Ν.
773 3792 857 3846 Xuoal.
871 3792 938 3846 teto
951 3788 978 3843 t.
992 3787 1074 3851 xuut
1086 3802 1111 3858 p.
1126 3791 1177 3847 109
1189 3801 1232 3858 pro
1244 3785 1300 3842 Irt-
