3434 4575
580 463 921 524 EPIGRAMMATON
934 463 1009 525 LlB.
1027 465 1092 527 vll.
1303 464 1365 529 153

406 617 471 677 Lux
488 636 555 676 mea
568 636 631 676 non
647 618 767 697 capitur
780 617 870 692 nugis
887 633 989 694 neque
1004 617 1140 677 moribus
1155 619 1240 698 istis,

447 701 513 762 Nec
529 701 669 760 dominae
683 705 793 780 pectus
808 699 883 759 talia
900 697 1009 758 (lamna
1025 709 1165 762 movent:

406 786 460 846 Bis
475 803 567 845 senos
582 803 712 864 puerum
727 789 940 843 numerantem
957 783 1098 862 perdidit
1112 804 1224 866 anuos,

363 879 398 930 10
446 867 590 931 Mentula
605 870 653 928 cul
666 867 802 928 nondum
817 865 1041 948 sesquipedalis
1056 876 1133 931 erat.

805 1001 873 1064 XV.

407 1115 483 1191 Quis
496 1132 575 1194 puer
589 1114 641 1173 hic
654 1113 762 1174 nitidis
777 1115 900 1174 absistit
913 1114 1070 1174 Ianthidos
1087 1113 1178 1175 undis

447 1199 490 1258 Et
502 1199 615 1276 fugitat
629 1195 781 1256 dominam
795 1196 914 1257 Naida?
935 1197 1084 1277 numquid
1098 1197 1218 1278 Hylas?

407 1281 546 1359 Otene,
568 1279 650 1358 qnod
665 1279 741 1340 silva
757 1279 871 1341 colitur
888 1281 1071 1361 Tirynthius
1087 1283 1147 1342 ista

447 1366 489 1425 Et
504 1364 585 1443 quod
601 1366 762 1425 amatrices
777 1372 838 1425 tam
853 1383 952 1444 prope
966 1372 1069 1425 servat
1083 1368 1191 1446 aquas!

383 1448 543 1510 osecurus
557 1447 634 1509 licet
647 1450 705 1508 hos
719 1449 840 1528 fontes,
862 1450 1027 1528 Argynna,
1049 1451 1222 1511 ministres:

448 1531 501 1593 Nil
515 1533 632 1594 facient
644 1533 823 1614 Nymphae:
845 1552 885 1593 ne
898 1531 976 1594 velit
992 1535 1076 1613 ipse,
1099 1553 1180 1596 cave.

801 1667 882 1729 xvi.

404 1780 489 1841 Aera
506 1777 588 1838 (lomi
604 1798 667 1838 non
682 1785 770 1856 sunt,
794 1785 938 1858 superest
952 1748 1028 1858 hoc,
1049 1779 1185 1858 Regula,
1207 1779 1320 1860 solum,

448 1863 492 1924 Ut
504 1869 557 1922 tua
571 1861 737 1923 vendamus
751 1882 895 1922 munera:
917 1861 1066 1942 numquid
1081 1864 1180 1925 emis?

792 2005 887 2069 XVII.

404 2118 498 2179 Ruris
512 2116 703 2181 bibliotheca
717 2118 860 2199 delicati,

405 2202 546 2265 Vicinam
561 2203 648 2264 videt
661 2203 745 2264 unde
760 2202 864 2264 lector
878 2207 1003 2284 urbem,

405 2285 492 2346 luter
505 2290 639 2348 carmina
653 2291 807 2349 sanctiora
822 2291 849 2349 si
864 2292 933 2370 quis

406 2370 551 2430 Lascivae
567 2372 664 2432 fuerit
678 2374 764 2433 locus
780 2373 927 2453 Thaliae,

383 2454 471 2517 5Hos
487 2453 559 2514 nido
573 2453 651 2515 licet
664 2457 783 2516 inseras
796 2456 847 2516 vel
862 2459 942 2534 imo,

405 2538 533 2617 Septem
549 2559 625 2617 quos
640 2540 697 2599 tibi
712 2540 848 2600 misimus
862 2541 986 2603 libellos

405 2623 550 2682 Auctoris
566 2621 680 2683 calamo
696 2625 743 2696 sni
756 2630 893 2684 notatos:

404 2705 492 2766 Haec
507 2704 571 2766 illis
586 2708 721 2786 pretium
735 2707 812 2767 iacit
826 2703 928 2769 litura.

404 2790 447 2849 ht
460 2796 495 2849 tu
508 2809 636 2850 munere
651 2789 783 2850 delicata
795 2810 906 2870 parvo,

361 2883 397 2936 10
405 2874 490 2948 Quae
505 2876 678 2935 cantaberis
692 2877 767 2935 orbe
781 2879 854 2935 nota
867 2880 951 2954 toto,

404 2958 521 3036 Pignus
535 2960 672 3038 pectoris
687 2960 747 3019 hoc
761 2959 823 3018 mei
835 2965 944 3037 tuere,

404 3040 464 3102 luli
480 3042 668 3105 bibliotheca
683 3042 848 3105 Martialis.

789 3176 898 3240 XVlll.

405 3289 481 3349 Cum
495 3290 555 3349 tibi
569 3290 610 3349 sit
625 3290 738 3366 facies,
760 3290 801 3350 de
817 3309 876 3368 qua
890 3308 949 3349 nec
963 3290 1078 3350 femina
1092 3288 1191 3367 possit

447 3373 578 3447 Dicere,
600 3392 668 3430 cum
683 3392 794 3452 corpus
808 3371 897 3432 nulla
909 3369 1003 3432 litura
1016 3377 1122 3448 notet,

405 3456 469 3515 Cur
484 3461 517 3513 te
532 3461 594 3513 tam
608 3474 696 3513 rarus
712 3457 815 3534 cupiat
828 3460 1014 3534 repetatque
1029 3454 1167 3531 fututor,

447 3537 600 3597 Miraris?
627 3537 746 3599 Vitium
762 3544 885 3597 estnon
901 3537 987 3615 leve,
1011 3536 1119 3614 Galla,
1140 3535 1208 3600 tibi.

383 3622 534 3685 5Accessi
550 3622 693 3699 quotiens
708 3619 746 3680 ad
761 3640 837 3701 opus
852 3621 1017 3699 mixtisque
1031 3626 1171 3681 movetur

445 3706 623 3785 Inguinibus
639 3724 773 3786 cunnus,
795 3724 858 3765 non
873 3709 974 3787 tacet,
995 3706 1062 3786 ipsa
1076 3710 1171 3768 taces.
