3434 4575
430 451 472 514 96
743 463 777 511 n.
802 463 874 512 mu.
894 463 1082 512 mauranus

430 605 512 667 Unde
538 603 663 679 babeas,
686 604 800 682 quaerit
820 621 924 676 nemo,
947 604 999 664 sed
1023 614 1141 684 oportet
1163 605 1288 668 habere:

429 689 493 751 lloc
514 696 674 749 monstrant
696 688 815 749 vetulae
838 690 938 767 pueris
961 688 1130 768 repentibus
1154 709 1250 766 assae,

429 774 492 837 lloc
515 773 629 835 discunt
653 791 753 833 omnes
777 783 843 833 aute
868 773 954 852 alpba
978 783 1008 835 et
1030 773 1097 835 beta
1119 775 1247 855 puellae.
1262 812 1302 822 --

428 858 546 921 Talibus
570 859 721 918 instantem
742 859 856 917 monitis
883 876 1095 938 quemcumque
1119 871 1268 939 parentem
1325 918 1328 923 .
1365 875 1417 927 tto

428 929 478 1005 Sic
500 960 619 1022 possem
642 943 739 1004 aliani:
765 941 837 1018 Dic,
861 944 1075 1020 avarissime,
1102 946 1165 1024 quis
1191 955 1220 1005 te

427 1029 580 1090 Festiuare
603 1024 703 1088 iubet?
727 1027 879 1087 meliorem
904 1037 1024 1107 praesto
1046 1031 1186 1108 magistro

427 1113 617 1193 lliscipolum.
658 1114 785 1173 Securus
814 1111 876 1179 abi;
900 1114 1044 1189 vinceris,
1072 1123 1102 1173 ut
1122 1114 1198 1175 Aiax

427 1199 579 1260 Praeteriit
605 1197 808 1272 Telamonem,
832 1206 863 1256 ot
885 1195 974 1259 Pelea
996 1199 1065 1258 vicit
1087 1198 1229 1272 Achilles.

426 1283 604 1345 Parcendum
628 1291 673 1342 est
695 1283 821 1342 teneris:
848 1282 973 1342 nondum
997 1282 1158 1362 implevere
1180 1284 1321 1346 medullas
1365 1299 1416 1352 215

426 1366 556 1429 blatorae
582 1367 656 1428 mula
682 1367 845 1446 nequitiae;
869 1376 914 1425 ast
937 1386 1023 1447 quom
1045 1376 1168 1447 pectere
1190 1369 1307 1431 barbam

427 1451 567 1532 Coeperit
590 1462 618 1511 et
643 1451 722 1529 longi
744 1467 912 1511 mucronem
935 1452 1086 1514 admittere
1112 1454 1206 1529 cultri,

426 1536 530 1598 Falsus
555 1538 610 1597 erit
632 1537 734 1610 testis,
760 1535 869 1596 vendet
890 1537 1018 1615 periuria
1040 1556 1149 1598 summa

426 1621 540 1700 Exigua
563 1630 593 1682 et
615 1618 734 1681 Cereris
758 1628 881 1699 tangens
905 1639 1041 1700 aramque
1067 1622 1241 1702 pedemque.

426 1706 539 1768 illatam
564 1707 619 1767 iam
647 1704 736 1766 crede
761 1724 881 1781 nurum,
904 1707 930 1765 si
953 1705 1048 1767 limina
1072 1718 1169 1768 vestra
1363 1722 1416 1775 220

425 1790 576 1852 Mortifera
602 1809 666 1851 eum
691 1789 760 1850 dote
782 1789 873 1850 subit:
899 1790 1002 1871 quibus
1028 1790 1078 1852 illa
1103 1803 1252 1870 premetur

427 1877 481 1938 l’er
503 1894 633 1936 somnum
654 1875 765 1954 digitis!
789 1893 854 1936 nam
877 1893 951 1955 quae
974 1887 1110 1955 terraque
1133 1880 1262 1956 marique

427 1959 612 2041 Adquireuda
633 1969 734 2041 putas,
755 1958 875 2021 brevior
901 1961 946 2021 ria
970 1961 1103 2020 conferet
1129 1962 1180 2022 illi.

427 2044 529 2110 llullus
556 2047 632 2107 euim
656 2045 751 2124 magni
774 2043 899 2105 sceleris
924 2043 1017 2106 labor.
1051 2044 1131 2106 Haec
1157 2064 1214 2125 ego
1238 2067 1389 2129 numquam

424 2129 574 2205 blandari,
600 2130 682 2190 dices
711 2129 795 2204 olim,
820 2147 876 2189 nec
901 2129 968 2190 talia
996 2131 1090 2198 suasi:
1361 2145 1415 2198 225

425 2215 530 2275 blentis
555 2232 641 2274 causa
664 2212 757 2274 malae
781 2221 876 2273 tamen
902 2222 947 2273 est
970 2223 999 2274 et
1020 2215 1105 2294 origo
1128 2234 1220 2295 penes
1241 2227 1280 2280 te.

425 2300 496 2361 Nam
519 2300 650 2379 quisquis
674 2300 768 2377 magni
792 2317 898 2359 census
921 2302 1075 2379 praecepit
1098 2320 1235 2379 amorem,

426 2386 460 2445 Et
487 2384 573 2453 laevo
599 2385 706 2443 monitu
731 2401 840 2462 pueros
867 2383 1001 2462 producit
1026 2403 1141 2459 avaros,

425 2469 474 2549 {Et
498 2471 546 2546 qui
564 2486 618 2547 per
641 2467 759 2529 fraudes
782 2469 953 2547 patrimonia
977 2469 1208 2552 conduplicare,}

424 2555 480 2614 Dat
503 2552 669 2614 libertatem
691 2562 719 2613 et
740 2562 816 2613 totae
840 2552 959 2613 aliundit
982 2554 1111 2615 babenas
1361 2573 1415 2626 230

424 2636 595 2705 Curriculo:
622 2656 708 2716 quem
734 2640 758 2698 si
781 2656 925 2714 revoces,
955 2638 1116 2700 subsistere
1140 2643 1233 2703 nescit

423 2721 460 2783 Et
481 2731 512 2782 te
542 2732 709 2801 contempto
737 2724 846 2801 rapitur
870 2725 1013 2802 metisque
1037 2724 1156 2785 relictis.

424 2805 516 2868 Nemo
542 2808 613 2867 satis
636 2808 729 2867 credit
752 2816 858 2869 tautum
882 2806 1070 2887 delinquere,
1095 2820 1229 2888 quantum

424 2887 591 2959 Permittas;
618 2891 693 2953 adeo
720 2892 869 2970 indulgent
893 2893 949 2952 sibi
974 2893 1059 2953 latius
1082 2894 1147 2973 ipsi.

424 2976 518 3049 Quum
543 2976 617 3037 dieis
644 2977 741 3037 iuveni
767 2978 903 3052 stultum,
931 2978 979 3055 qui
1002 2978 1091 3038 donet
1114 2982 1218 3055 amico,
1361 2994 1414 3048 235

424 3059 480 3134 Qui
503 3070 703 3140 paupertatem
726 3061 805 3121 levet
827 3061 1000 3140 attollatque
1022 3065 1189 3143 propinqui,

424 3144 459 3205 itt
483 3146 614 3224 spoliare
636 3146 727 3205 doces
750 3156 780 3206 et
805 3145 1048 3208 circumscribere
1075 3158 1104 3207 ct
1129 3150 1204 3209 omni

423 3228 549 3291 Crimine
573 3231 687 3291 divitias
710 3227 882 3309 adquirere,
907 3249 1028 3310 quarum
1051 3250 1132 3293 amor
1154 3237 1181 3294 in
1205 3243 1233 3295 te
1346 3253 1348 3258 ·

423 3315 553 3389 Quantus
582 3324 645 3375 erat
667 3317 779 3394 patriae
797 3314 956 3375 Deciorum
978 3318 1006 3376 iu
1028 3326 1167 3395 pectore,
1190 3329 1324 3399 quantum

423 3400 531 3460 Dilexit
556 3399 691 3474 Tbebas,
715 3401 739 3459 si
763 3398 886 3461 Graecia
907 3419 995 3476 vera,
1020 3399 1216 3472 Menoeceus;
1360 3417 1413 3471 ato

424 3484 454 3543 lu
483 3503 604 3563 quorum
629 3484 717 3546 sulcis
744 3484 879 3563 legiones
906 3485 1039 3546 dentibus
1060 3489 1162 3566 anguis

424 3566 495 3628 Cum
518 3569 622 3648 clipeis
644 3578 800 3630 nascuntur
825 3580 854 3629 et
879 3569 993 3630 borrida
1016 3570 1094 3632 bella
1121 3583 1276 3651 capessunt

423 3649 584 3729 Continuo,
609 3650 751 3733 tamquam
778 3664 807 3713 et
828 3655 945 3715 tubicen
965 3658 1125 3716 surrexerit
1149 3674 1213 3719 una.

425 3735 502 3816 Ergo
529 3739 643 3816 ignem,
669 3739 749 3800 cuius
774 3739 917 3804 scintillas
946 3740 1011 3826 ipse
1031 3741 1148 3819 dedisti,
