3434 4575
541 459 882 524 EPIGRAMMATON
895 461 968 522 Llll.
984 460 1036 522 ix.

736 727 739 732 ,
753 657 834 722 XXI.

356 777 572 838 Artemidorus
587 779 682 837 habet
695 796 842 856 puerum,
864 777 1076 840 sedvendidit
1091 798 1212 858 agrum:

398 864 514 940 Agrum
528 881 586 941 pro
600 879 698 940 puero
714 860 911 923 Calliodorus
924 864 1026 924 habet.

356 949 428 1022 Die,
450 951 522 1005 uter
540 946 660 1004 existis
673 943 864 1006 meliusrem
878 948 1027 1025 gesserit,
1047 948 1170 1007 Aucte‘l

398 1029 615 1090 Artemidorus
631 1035 728 1108 amat,
750 1029 948 1098 Calliodorus
963 1037 1037 1091 arat,

747 1164 840 1225 XXII.

358 1276 471 1338 Credis
485 1277 524 1336 ob
538 1276 616 1335 haec
633 1257 699 1350 me,
719 1274 847 1353 Pastor,
872 1294 947 1356 opes
962 1277 1096 1336 fortasse
1110 1295 1238 1357 rogare,

398 1360 534 1439 Propter
550 1377 627 1436 quae
641 1357 750 1436 vulgus
763 1378 927 1439 crassaque
941 1362 1033 1420 turba
1048 1367 1152 1439 rogat,

354 1446 398 1506 Ut
413 1444 520 1520 Setina
534 1461 619 1502 meos
634 1449 792 1502 consumat
803 1441 895 1521 gleba
908 1443 1030 1522 ligones

397 1529 440 1588 Et
454 1533 545 1587 sonet
558 1528 719 1586 innumera
734 1526 884 1606 compede
901 1528 1021 1588 Tuscus
1039 1546 1129 1606 ager3

332 1614 399 1675 5Ut
411 1612 514 1672 Mauri
530 1611 655 1690 Libyeis
670 1617 793 1670 centum
808 1617 893 1671 stent
908 1610 1054 1672 dentibus
1068 1614 1160 1672 orbes

396 1697 439 1756 ut
453 1701 563 1774 erepet
574 1695 607 1753 in
621 1695 737 1753 nostris
752 1712 846 1754 aurea
858 1693 959 1755 lamna
973 1697 1067 1772 toris,
1156 1753 1158 1757 ,
1243 1732 1250 1745 ·

355 1780 419 1840 Neo
433 1778 530 1839 labris
547 1779 608 1837 nisi
622 1796 730 1855 magna
744 1780 820 1837 meis
836 1776 984 1856 crystalla
996 1785 1138 1848 terantur

397 1865 439 1924 Et
452 1863 567 1922 faciant
581 1861 685 1939 nigras
699 1868 806 1920 nostra
820 1861 956 1922 Falerna
969 1863 1072 1937 nives3

359 1948 401 2006 Ut
415 1949 611 2006 canusinatus
626 1950 734 2003 nostro
751 1944 846 2024 Syrus
862 1964 967 2005 assere
981 1944 1074 2005 sudet

317 2043 349 2094 ιθ
398 2033 439 2091 llt
455 2050 523 2091 mea
538 2031 579 2089 sit
594 2027 676 2088 culto
692 2026 770 2088 sella
784 2028 899 2089 cliente
913 2029 1087 2109 frequense

356 2117 488 2176 Aestuet
503 2121 537 2174 ut
551 2119 658 2172 nostro
674 2111 814 2173 madidus
830 2114 955 2174 conviva
969 2113 1126 2191 ministro,

287 2253 299 2267 ,
397 2201 496 2276 Quem
511 2202 719 2278 permutatum
732 2216 791 2256 nee
806 2196 987 2278 Ganymede
1002 2196 1096 2272 velis3

354 2284 398 2345 Ut
410 2282 564 2345 lutulenta
576 2280 653 2342 linat
668 2281 780 2361 Tyrias
794 2283 870 2343 mihi
885 2281 967 2343 mula
981 2282 1122 2343 lacernas

397 2369 439 2427 Et
456 2365 593 2444 Massyla
608 2385 709 2426 meum
726 2368 812 2445 virga
826 2369 980 2446 gubernet
994 2386 1115 2447 equum.

316 2452 412 2511 reliso
427 2448 507 2508 nihil
523 2450 657 2508 existis:
679 2469 809 2529 superos
824 2471 859 2510 ae
875 2452 980 2513 sidera
993 2458 1103 2513 testor.

399 2535 483 2611 Ergo
501 2530 596 2610 quid?
626 2533 669 2593 Ut
682 2532 811 2612 donem,
829 2534 958 2614 Pastor,
981 2542 1014 2595 et
1028 2534 1189 2596 aedificent

667 2666 671 2672 ’
737 2668 844 2730 ΧΧΙΠ.

357 2782 383 2840 0
400 2783 447 2841 eui
461 2783 600 2862 virgineo
617 2786 787 2844 flavescere
803 2784 934 2862 contigit
952 2803 1044 2860 auro,

396 2865 454 2926 llio
469 2869 521 2927 ubi
535 2866 707 2928 Palladium
721 2867 762 2926 sit
776 2867 849 2944 tibi,
872 2868 967 2946 Care,
991 2865 1109 2927 deensi

354 2949 498 3029 „Aspicis
513 2970 553 3011 en
570 2951 687 3012 domini
699 2949 857 3029 fulgentes
872 2969 1025 3011 marmore
1039 2950 1166 3011 voltus?

399 3035 495 3096 Venit
511 3034 549 3094 ad
563 3038 618 3095 has
632 3034 716 3095 ultro
731 3041 838 3094 nostra
852 3055 966 3096 corona
979 3035 1114 3096 eomas.“

334 3117 495 3178 odlbanae
510 3117 609 3179 livere
624 3124 731 3199 potest
742 3120 794 3198 pia
810 3138 943 3198 quereus
959 3118 1073 3195 olivae,
1188 3155 1190 3159 ,

397 3204 540 3263 Cinxerit
553 3205 700 3263 invictum
720 3200 803 3281 quod
817 3204 905 3283 prior
920 3199 975 3263 illa
990 3209 1090 3283 eaput.

685 3373 689 3378 -
738 3334 848 3396 XXIV.

355 3449 429 3524 Quis
444 3446 603 3507 Palatinos
617 3448 755 3507 imitatus
768 3449 902 3525 imagine
916 3446 1018 3506 voltus
1062 3490 1064 3494 -

395 3530 576 3590 Phidiacum
589 3530 677 3591 Latio
692 3548 846 3590 marmore
859 3530 935 3589 vicit
948 3530 1049 3590 eburi

355 3614 441 3699 llaec
457 3612 563 3674 mundi
579 3614 693 3692 facies,
715 3615 794 3674 haee
808 3621 881 3674 sunt
893 3613 972 3673 Iovis
988 3634 1041 3688 ora
1056 3611 1177 3673 sereni=

398 3700 450 3778 Sic
464 3702 552 3758 tonat
565 3696 627 3779 ille
637 3698 730 3777 deus,
752 3718 822 3759 eum
836 3698 904 3758 sine
919 3699 1001 3758 nube
1014 3703 1112 3759 tonat.

1252 460 1316 525 203
