3434 4575
671 482 868 532 smmum.
1246 474 1285 534 ὣ

288 624 368 701 Duae
393 625 470 704 iugit
492 644 509 686 a
532 622 628 686 senui
661 623 748 686 Vires
772 621 869 686 amat?
894 624 968 686 baec
991 635 1085 688 tamen
1110 627 1173 705 ipsa

288 712 337 772 Vir
357 710 454 772 nollet
477 710 555 778 lieri;
579 727 643 770 nam
667 709 803 789 quantula
825 717 925 770 nostra
948 710 1098 790 voluptas!

288 797 381 871 Quale
404 795 498 856 decus
521 812 634 870 rerum,
659 794 684 853 si
707 794 841 872 coniugis
864 795 962 854 auctio
985 796 1045 873 ilat,
1233 807 1286 860 tut»

287 882 406 942 Dalteus
429 886 459 941 et
481 880 612 940 manicae
637 887 666 938 et
688 881 795 939 cristae
819 879 972 959 crurisque
995 881 1103 940 sinistri

287 966 442 1027 Dimidium
468 964 610 1042 tegimem
634 961 682 1024 vel
707 965 732 1022 si
753 962 870 1023 diversa
893 963 1022 1025 movebit

288 1050 423 1126 Proelia,
448 1057 476 1109 tn
498 1047 589 1125 felix,
613 1065 718 1108 ocreas
740 1046 888 1109 vendente
911 1048 1027 1127 puella!

288 1135 346 1196 llae
370 1141 456 1209 sunt,
481 1150 558 1211 quae
583 1133 662 1194 tenui
685 1131 789 1193 sudant
810 1131 839 1192 in
862 1132 1003 1208 cyclade,
1028 1152 1147 1214 quarum

288 1220 419 1281 Delicias
442 1227 471 1278 et
493 1217 665 1296 panniculus
689 1215 882 1293 bombycinus
904 1216 981 1277 uriti
1234 1227 1287 1282 260

288 1305 416 1383 Aspice,
441 1319 500 1381 quo
523 1302 639 1362 iremitu
662 1310 839 1362 monstratus
863 1302 995 1380 perierat
1016 1303 1102 1378 ictus,

288 1387 323 1450 Dt
345 1394 456 1468 quantu
479 1385 585 1465 galeae
612 1396 749 1447 curvetur
772 1387 924 1464 pondere,
947 1395 1053 1466 quanta

288 1471 450 1552 Puplitibns
474 1471 576 1532 sedeat
601 1488 686 1551 quam
708 1471 800 1532 derisu
824 1471 916 1532 iascia
942 1472 1028 1548 libro,

288 1557 323 1619 ut
345 1556 427 1632 ride,
452 1557 555 1636 pusilis
578 1554 729 1635 scaphium
752 1573 838 1635 quum
860 1557 981 1616 sumitur
1004 1558 1099 1618 armis.

289 1642 383 1703 Dicite
406 1657 461 1700 vos
486 1650 590 1719 neptes
611 1639 712 1719 lepidi
736 1640 856 1700 caecive
880 1637 1004 1716 Metelli,
1234 1652 1286 1707 ιω

289 1726 416 1804 Gurgitis
438 1734 487 1786 ant
509 1723 609 1800 Fabii,
632 1742 708 1804 quae
729 1725 807 1785 ludia
828 1726 985 1804 sumpserit
1004 1743 1136 1806 umquam

289 1810 347 1872 llus
371 1809 502 1878 habitum
527 1809 643 1889 quando
666 1808 702 1869 ad
726 1809 822 1889 palum
845 1819 944 1887 gemat
967 1826 1043 1870 uxor
1064 1809 1169 1885 Asyli?

328 1897 456 1974 Semper
475 1892 566 1955 babet
587 1893 655 1955 lites
679 1893 851 1973 alternaque
875 1895 969 1972 iurgia
991 1893 1097 1971 lectus,

289 1980 317 2041 ln
339 1998 399 2059 quo
421 1989 509 2057 nupta
532 1981 624 2048 iacet;
645 1979 790 2039 minimum
812 1978 952 2039 dormitur
973 1979 1001 2037 in
1025 1977 1086 2039 illu.

288 2063 381 2139 Quum
404 2064 502 2141 gravis
527 2062 577 2124 illa
600 2063 681 2140 viru,
707 2073 774 2123 tnnc
798 2062 870 2123 urba
892 2062 999 2141 tigride
1022 2065 1106 2142 peiur
1235 2073 1287 2127 ‘liu

289 2147 395 2230 [Quum
419 2146 535 2209 simulat
557 2149 681 2226 gemitus
703 2148 811 2208 occulti
836 2148 954 2208 consula
977 2147 1046 2208 iacti
1055 2149 1077 2226 ,l

290 2234 344 2295 dut
368 2233 430 2294 odit
453 2249 580 2312 pueros,
606 2241 654 2295 aut
676 2232 743 2294 licta
771 2232 882 2312 pellice
904 2230 1012 2311 plorat,

289 2318 434 2379 Uberibus
458 2336 577 2396 semper
597 2316 722 2378 lacrimis
746 2334 924 2397 semperque
945 2318 1054 2395 paratis

290 2404 317 2463 lu
339 2404 468 2464 statione
491 2420 543 2462 sua
566 2411 654 2481 atque
675 2401 915 2481 exspectantibus
938 2401 1028 2479 illam,

290 2486 353 2561 Quo
379 2486 478 2547 iubeat
502 2505 619 2547 rnanare
640 2487 745 2548 raudo:
768 2495 798 2547 tn
821 2486 919 2547 credis
941 2504 1079 2562 amorem,
1234 2497 1286 2552 utu

289 2571 328 2631 Tu
352 2571 405 2631 tibi
431 2580 499 2631 tuuc
522 2570 619 2632 Druca
644 2570 745 2650 places
769 2571 927 2648 fletumque
951 2569 1068 2632 labellis

290 2655 459 2731 Exsorbes,
483 2673 559 2736 quae
580 2656 690 2734 scripta
713 2665 743 2715 et
766 2663 838 2736 quot
859 2654 973 2715 lecture
997 2654 1133 2731 tabellas,

289 2741 317 2799 Si
340 2740 392 2800 tibi
415 2739 572 2819 zelotypae
594 2749 765 2819 retegantur
786 2740 892 2800 scrinia
916 2739 1074 2800 moechae!

289 2825 345 2884 Sed
373 2828 452 2884 iacet
472 2826 499 2883 iu
526 2825 605 2884 servi
627 2823 832 2905 complexibus
857 2832 906 2884 aut
929 2825 1050 2905 equitis:
1074 2823 1131 2901 dic,

290 2908 342 2968 Dic
366 2910 510 2987 aliquem,
534 2909 641 2984 sodes,
665 2909 729 2985 hic,
754 2908 948 2984 Quintiliane,
974 2909 1119 2969 colorem!
1234 2919 1286 2972 280

290 2991 464 3060 Haeremus3
489 2992 536 3053 dic
558 2994 634 3073 ipsa!
648 3026 690 3043 -·
714 2991 789 3053 Olim
811 3004 1006 3069 convenerat,
1030 2994 1131 3074 inquit,

290 3077 324 3137 Ut
348 3077 468 3137 iaceres
491 3086 537 3152 to,
561 3076 638 3157 quod
660 3077 774 3154 velles,
797 3096 853 3138 uec
877 3095 935 3138 non
959 3094 1017 3156 ego
1039 3094 1158 3157 possem

289 3161 446 3239 ludulgere
470 3160 553 3222 mibi:
580 3161 689 3223 clames
711 3162 782 3224 licet
805 3171 834 3222 et
856 3181 937 3223 mare
960 3163 1048 3224 coelo

289 3244 474 3322 Coniundas,
498 3245 585 3306 bomo
608 3264 680 3309 som.
706 3280 749 3293 —
772 3245 850 3307 Nihil
874 3257 919 3307 est
941 3247 1079 3308 audacius
1102 3246 1158 3305 illis

288 3330 468 3410 Deprensis:
496 3332 567 3391 iram
591 3340 679 3411 atque
703 3331 815 3391 animos
841 3349 858 3391 e
883 3334 1001 3392 crimine
1023 3339 1147 3391 sumunt.
1234 3340 1285 3393 285

328 3414 414 3476 Unde
437 3414 513 3476 baec
535 3424 662 3476 monstra
684 3423 780 3475 tamen
805 3416 853 3475 vel
877 3415 984 3495 quode
1008 3416 1105 3491 ionte,
1129 3412 1274 3492 requiris?

289 3498 460 3561 Praestabat
486 3507 583 3559 castas
605 3499 720 3561 humilis
740 3499 857 3560 l'ortuna
880 3500 994 3562 Latinas

289 3581 459 3658 Quondam,
484 3600 540 3643 nso
561 3584 637 3644 vitiis
661 3585 789 3664 contingi
813 3603 901 3663 parva
927 3583 1059 3646 sinebant

291 3666 379 3730 lecta
401 3667 488 3729 lnbur
510 3669 661 3748 somnique
683 3667 790 3730 breves
814 3678 844 3729 et
874 3670 984 3730 vellere
1005 3668 1102 3728 Tusco

289 3753 422 3815 vexatae
445 3751 596 3831 duraeque
614 3770 715 3814 manos
741 3772 777 3816 ac
798 3754 947 3834 proximus
972 3752 1077 3894 urbia*
1233 3763 1283 3818 nuo
