3434 4575
691 459 815 508 seutiae
839 461 873 509 X.

315 600 477 668 lismonam
499 616 567 660 mox
589 617 674 678 quum
699 600 814 660 dederit
836 601 961 662 Servilia
984 621 1125 682 nummos,

314 689 376 748 liiet
397 696 428 746 et
449 684 547 760 illius,
572 702 656 763 quam
679 702 737 745 uon
758 695 849 761 amat,
875 697 963 746 exuet
988 705 1100 748 omnem

314 771 454 850 Corporis
479 777 626 837 omatum;
651 768 718 848 quid
741 771 816 829 enim
839 770 898 830 ulla
922 775 1074 849 negaverit
1097 774 1160 834 udis

314 851 506 935 inguinibus?
529 854 592 914 sive
615 863 661 913 est
685 854 759 916 baec
781 853 893 934 Oppia,
917 857 980 917 sive
999 854 1114 918 Catulla

313 942 468 1015 Deterior,
495 947 575 998 totos
597 938 686 998 babet
707 939 768 998 illic
790 938 896 1000 iemiua
918 958 1072 1000 mores.-

312 1026 370 1086 Sed
392 1033 476 1084 casto
504 1023 572 1102 quid
597 1023 690 1084 iorma
712 1020 821 1082 uocet?
837 1057 880 1072 -
900 1023 975 1097 Quid
998 1022 1108 1102 profuit
1131 1024 1216 1084 immo

312 1108 473 1189 Hippolyto
495 1125 586 1185 grave
611 1108 808 1186 propositum,
836 1109 903 1188 quid
927 1108 1170 1189 Bellerophonti?
1257 1120 1309 1175 itio

314 1194 433 1256 Erubuit
457 1209 563 1270 nempe
586 1192 660 1252 baec
684 1209 738 1251 ceu
761 1191 906 1269 fastidita,
933 1194 1052 1272 repulsa

313 1278 374 1339 Nec
395 1276 587 1338 Stheneboea
610 1278 701 1336 minus
726 1294 809 1354 quam
838 1276 946 1337 Cressa
971 1279 1143 1354 excanduit,
1168 1290 1197 1340 et
1223 1299 1255 1340 se

313 1363 502 1424 concussere
526 1361 638 1421 ambae.
672 1359 777 1420 Mulier
803 1363 973 1422 saevissima
999 1373 1067 1424 tunc
1089 1374 1146 1440 est,

314 1449 407 1522 Quum
431 1445 564 1506 stimulos
587 1445 656 1506 odio
676 1446 771 1523 pudor
795 1445 939 1506 admovet.
974 1445 1078 1525 Elige,
1104 1449 1236 1528 quidnam

313 1532 497 1594 Suadendum
523 1549 590 1590 esse
617 1539 721 1609 putes,
749 1529 794 1589 oui
817 1530 928 1590 nubere
953 1530 1090 1592 Caesaris
1111 1551 1184 1593 uxor
1257 1544 1309 1597 33⁰

314 1618 456 1678 Destinat.
493 1613 625 1694 Optimus
651 1614 699 1674 bic
723 1624 752 1674 et
773 1613 1003 1675 formosissimus
1025 1617 1101 1677 idem

314 1702 413 1765 Gentis
439 1701 581 1778 patriciae
604 1700 716 1778 rapitur
741 1700 830 1758 miser
857 1701 1087 1778 exstinguendus

314 1785 490 1847 Messalinae
516 1784 624 1851 oculis:
646 1784 751 1845 dudum
779 1785 864 1843 sedet
890 1785 939 1844 illa
965 1795 1065 1862 parato

315 1869 492 1932 flammeolo
515 1868 679 1948 Tyriusque
702 1869 796 1947 palam
816 1869 942 1946 genialis
966 1871 993 1927 in
1015 1871 1106 1931 hortis

314 1956 473 2030 Sternitur,
497 1963 527 2014 et
550 1955 604 2013 ritu
628 1953 729 2013 decies
757 1961 880 2013 centena
906 1952 1048 2013 dabuntur
1255 1966 1307 2020 335

314 2040 458 2118 Antiquo.
481 2040 581 2098 reniet
604 2056 668 2097 cum
690 2037 887 2115 signatoribus
909 2055 1032 2115 auspex.

314 2125 392 2186 llaec
414 2134 443 2184 tu
468 2132 583 2183 secreta
606 2132 634 2181 et
658 2123 758 2200 paucis
782 2124 936 2182 commissa
960 2121 1104 2200 putabas?

314 2209 376 2269 Non
402 2209 456 2268 nisi
480 2206 610 2285 legitime
637 2207 698 2266 vult
719 2205 840 2266 nubere.
879 2205 954 2279 Quid
977 2208 1109 2285 placeat,
1136 2207 1198 2276 dice

313 2294 348 2356 Ni
370 2312 477 2374 parere
500 2293 592 2369 velis,
616 2293 795 2372 pereundum
818 2294 873 2352 erit
897 2300 963 2353 ante
984 2292 1135 2361 lucernas;

313 2382 344 2441 Si
367 2378 468 2440 scelus
493 2377 642 2450 admittas,
666 2377 779 2437 dabitur
803 2394 883 2437 mora
907 2376 1043 2456 parvula,
1070 2377 1135 2437 dum
1160 2396 1207 2437 res
1258 2388 1312 2443 oto

315 2464 388 2525 Nota
413 2463 479 2523 urbi
503 2472 532 2522 et
556 2462 667 2541 populo
692 2463 839 2539 contingat
861 2462 1001 2540 principis
1025 2479 1133 2521 aurem.

315 2548 453 2610 Dedecus
474 2545 525 2607 ille
551 2547 653 2607 domus
677 2547 750 2606 sciet
770 2546 902 2610 ultimus:
926 2547 1038 2605 interea
1061 2555 1090 2605 tu

314 2632 490 2711 Obsequere
516 2633 655 2710 imperio,
679 2632 703 2689 si
726 2632 796 2690 tanti
820 2632 879 2689 vita
903 2630 1014 2689 dierum

314 2720 489 2779 Paucorum:
524 2716 661 2795 quidquid
682 2715 775 2774 levius
797 2714 961 2792 meliusque
984 2715 1107 2792 putaris,

316 2800 486 2863 Praebenda
510 2810 556 2860 est
573 2801 673 2878 gladio
696 2798 818 2878 pulchra
840 2798 915 2858 lraec
936 2807 966 2857 et
987 2799 1107 2859 eandida
1132 2803 1242 2860 cervix.
1259 2810 1310 2864 ost

356 2885 403 2945 Nil
428 2902 501 2962 ergo
524 2884 666 2963 optabunt
687 2880 844 2943 homines?
866 2914 908 2931 -
927 2883 958 2942 Si
982 2882 1133 2943 consilium
1155 2886 1212 2957 ris,

316 2971 467 3030 Permittes
489 2970 562 3048 ipsis
590 2968 760 3047 expendere
784 2966 961 3040 numinibus,
988 2968 1054 3045 qnid

316 3052 478 3115 Conveniat
503 3054 588 3113 nobis
615 3052 764 3131 rebusque
787 3054 825 3111 sit
848 3050 919 3112 utile
943 3053 1061 3111 nostris.

316 3137 385 3199 Nam
409 3154 463 3217 pro
487 3138 619 3198 iucundis
641 3138 789 3216 aptissima
813 3154 949 3216 quaeque
971 3136 1077 3196 dabunt
1104 3135 1141 3196 di.

316 3221 420 3283 Carior
442 3232 487 3282 est
508 3223 567 3283 illis
591 3223 694 3297 borno,
721 3238 807 3300 quam
830 3221 897 3280 sibi.
932 3218 993 3279 Nos
1016 3221 1173 3281 animorum
1262 3228 1313 3282 ³50

318 3307 443 3386 impulsu
469 3316 498 3367 et
521 3324 612 3368 caeca
633 3324 795 3384 magnaque
820 3306 957 3383 cupidine
982 3305 1059 3365 ducti

316 3389 487 3469 Coniugium
511 3392 635 3471 petimus
658 3400 830 3471 partumque
854 3390 970 3458 uxoris;
993 3398 1023 3449 nt
1047 3389 1105 3449 illis

316 3474 436 3553 Notum,
466 3478 514 3555 qui
540 3476 624 3555 pueri
649 3475 802 3555 qualisque
824 3476 921 3535 lutura
943 3475 981 3533 sit
1002 3490 1085 3533 uxor.

318 3560 354 3621 Ut
377 3572 472 3621 temen
493 3571 521 3621 et
547 3579 655 3639 poscas
679 3559 788 3638 aliquid
814 3577 986 3637 voveasque
1010 3557 1128 3617 sacellis

318 3644 390 3706 Exta
414 3655 444 3706 et
469 3646 614 3707 candiduli
638 3646 733 3706 divina
754 3644 901 3705 tomacula
924 3643 1019 3722 porei,
1260 3651 1313 3704 355

318 3728 460 3791 orandum
484 3740 545 3799 est,
569 3739 598 3790 ut
621 3732 657 3789 sit
680 3747 761 3789 mens
784 3746 854 3789 sana
877 3729 1053 3807 incorpore
1077 3742 1156 3785 sano.
