3434 4575
683 493 810 542 sualua
830 493 877 543 VL

307 639 401 718 Atque
424 634 529 696 eadem
556 635 655 697 sorola
677 633 775 695 Niobe
799 635 953 696 leoundior
975 634 1051 695 alha.

307 721 388 797 Quae
413 721 485 781 tanti
505 721 654 799 gravitas,
677 738 753 800 quae
776 720 886 796 torma,
913 730 942 780 ut
964 738 998 779 se
1020 720 1071 780 tibi
1095 738 1213 802 semper

306 802 453 886 lmputetl
475 803 559 866 huius
582 806 657 866 enim
679 804 737 865 rari
759 805 921 884 summique
943 805 1081 884 voluptas

306 891 389 953 Nulla
417 889 504 965 boni,
532 891 648 970 quoties
672 891 767 949 animo
794 899 932 967 corrupta
953 889 1083 968 superbo
1254 900 1304 957 ιω

306 976 371 1038 Plus
405 977 489 1038 aloes
523 992 608 1053 quam
630 973 726 1034 mellis
749 973 847 1034 habet.
889 973 962 1048 Quis
984 973 1099 1034 deditus
1122 984 1217 1035 autem

306 1060 406 1141 Usque
429 1059 505 1121 adeo
531 1067 593 1133 est,
620 1067 730 1118 utnon
754 1058 850 1134 illam,
876 1077 961 1139 quam
984 1058 1118 1119 laudibus
1142 1061 1238 1136 effert,

305 1145 431 1206 Horreat
452 1144 540 1224 inque
562 1143 638 1204 diem
660 1144 792 1222 septenis
815 1143 912 1204 oderit
935 1141 1040 1204 horisl

307 1228 456 1304 Quaedam
479 1246 568 1307 parva
589 1227 724 1308 quidem,
747 1227 802 1288 sed
824 1244 883 1287 non
903 1227 1056 1289 toleranda
1077 1229 1196 1288 maritis.

307 1314 375 1375 Nam
401 1312 470 1392 quid
493 1313 656 1388 ranoidius,
679 1331 764 1393 quam
785 1313 863 1391 quod
889 1331 922 1373 se
944 1330 1001 1372 non
1024 1323 1104 1391 putat
1126 1313 1186 1373 ulla
1255 1321 1301 1376 18⁵

307 1399 492 1473 Formosam,
517 1397 573 1457 nisi
598 1415 675 1476 quae
698 1397 735 1458 de
758 1396 855 1458 Tusca
878 1395 1023 1458 Graecula
1046 1398 1123 1459 laeta
1146 1408 1201 1472 est,

307 1483 349 1544 tte
371 1482 559 1544 Sulmonensi
580 1500 659 1542 mera
682 1478 847 1560 Cecropis?
871 1483 966 1542 omnia
989 1500 1111 1561 graece,

308 1566 398 1642 Quum
422 1567 460 1626 sit
481 1575 565 1646 turpe
587 1567 680 1644 magis
703 1566 812 1626 nostris
832 1567 949 1626 nescire
973 1567 1070 1627 latine.

308 1650 369 1714 lloo
391 1667 530 1712 sermone
555 1660 678 1728 pauent,
702 1650 760 1711 hoo
783 1651 871 1726 iram,
893 1651 1015 1729 gaudia,
1040 1669 1136 1725 ouras,

306 1737 369 1798 lloo
389 1745 494 1796 cuneta
517 1735 665 1796 effundunt
687 1735 772 1795 animi
794 1744 927 1804 secreta:
951 1735 1019 1812 quid
1042 1733 1138 1795 ultra?
1254 1745 1303 1799 19⁰

308 1819 509 1883 Conoumhunt
530 1838 650 1898 graece.
684 1818 786 1880 Dones
808 1827 906 1881 tamen
928 1820 981 1880 ista
1004 1818 1127 1898 puellis:

308 1905 386 1967 l'une
409 1905 511 1979 etiam,
535 1922 620 1985 quam
643 1913 745 1964 sextus
768 1914 797 1964 et
821 1904 1021 1982 octogesimus
1045 1922 1137 1965 annus

307 1990 419 2064 Pulsat,
443 1990 537 2051 adhuc
559 1986 691 2068 graece?
713 2006 770 2049 non
795 1998 840 2048 est
863 1988 911 2049 hie
934 2005 1029 2048 sermo
1053 1989 1176 2068 pudicus

308 2075 336 2134 lu
360 2073 470 2134 vetula.
511 2071 635 2147 Quoties
661 2074 801 2135 lascivum
825 2075 981 2133 intervenit
1005 2072 1075 2133 illud

311 2152 375 2239 Ζωὴ
397 2156 450 2220 καὶ
473 2151 571 2238 ψυχή,
593 2158 681 2219 modo
704 2158 758 2218 sub
783 2158 880 2219 lodioe
904 2159 1016 2219 relictis
1252 2169 1301 2224 195

307 2245 403 2308 Uteris
426 2243 455 2304 in
475 2241 572 2310 turha:
598 2244 675 2324 quod
700 2245 774 2304 enim
798 2260 857 2304 non
881 2246 992 2305 exaltet
1014 2245 1121 2322 inguen

306 2331 371 2393 Vox
394 2328 502 2389 ltlanda
526 2338 555 2389 et
577 2327 723 2408 nequam?
746 2330 853 2408 digitos
877 2328 980 2396 habet:
1004 2337 1035 2388 ut
1054 2337 1150 2389 tamen
1169 2347 1269 2390 omnes

307 2415 463 2476 Subsidant
495 2414 613 2491 pinnae,
637 2413 718 2474 dieas
739 2413 814 2474 haee
836 2413 954 2474 mollius
974 2412 1084 2473 llaemo

307 2498 485 2579 Quamquam
509 2506 539 2557 et
560 2496 773 2578 Carpophoro,
798 2496 893 2558 lanies
916 2506 963 2557 tua
987 2506 1135 2575 computat
1158 2518 1258 2560 annos.

346 2584 378 2644 Si
405 2582 459 2643 tibi
482 2582 619 2660 legitimis
641 2592 755 2661 pactam
778 2583 963 2660 iunctamque
985 2581 1102 2642 tabellis
1250 2596 1303 2650 200

309 2668 368 2728 Non
393 2686 426 2727 es
452 2675 613 2741 amaturus,
637 2666 762 2727 ducendi
785 2668 863 2727 nulla
889 2667 1004 2727 videtur

308 2750 421 2827 Causa,
448 2770 503 2811 nec
527 2761 573 2811 ost
612 2770 704 2830 quare
729 2769 850 2811 coenam
877 2761 905 2812 et
928 2761 1076 2811 mustacea
1101 2755 1207 2829 perdas
1291 2763 1294 2767 ’

308 2836 433 2898 labente
457 2835 556 2896 ollieio
580 2836 677 2896 erudis
704 2835 854 2912 donanda,
879 2854 933 2896 tneo
958 2835 1039 2910 illud,

308 2920 391 2995 Quod
416 2921 507 2999 prima
528 2936 583 2999 pro
607 2930 694 2981 noete
719 2922 817 2997 datur,
842 2939 927 3001 quum
951 2921 1036 2981 lance
1059 2920 1144 2982 beata

308 3005 431 3067 llaeieus
454 3014 483 3065 et
505 3006 616 3083 scripto
636 3004 730 3065 radiat
751 3005 940 3067 Germanicus
962 3020 1044 3066 auro.
1250 3019 1302 3071 205

307 3092 336 3150 Si
359 3090 411 3152 tihi
434 3088 606 3169 simplicitas
629 3091 747 3165 uxoria,
771 3091 886 3150 deditus
908 3091 955 3150 uni

306 3173 358 3235 Est
380 3175 508 3250 animus,
532 3174 674 3234 summitte
698 3185 784 3252 eaput
809 3177 926 3235 ceruice
951 3183 1051 3253 parata

306 3256 397 3321 Ferre
419 3260 534 3337 iugum;
558 3258 663 3318 nullam
687 3259 835 3333 invenies,
859 3277 934 3337 quae
957 3269 1058 3337 pareat
1083 3263 1195 3322 amanti.

308 3344 417 3406 Ardent
439 3346 504 3422 ipsa
524 3342 610 3418 lieet,
637 3344 788 3403 tormentis
811 3344 919 3422 gaudet
943 3344 1063 3404 amantis

307 3427 341 3489 tn
362 3428 486 3508 spoliis:
510 3427 597 3505 igitur
621 3426 711 3505 louge
734 3429 827 3488 minus
849 3430 928 3490 utilis
952 3428 993 3488 illi
1248 3440 1299 3493 tto

308 3511 404 3590 Uxor,
430 3512 561 3593 quisquis
586 3512 641 3572 erit
664 3510 758 3572 bonus
782 3513 986 3593 optandusque
1009 3514 1138 3573 maritus.

306 3596 350 3658 Nil
373 3614 506 3679 umquam
532 3596 618 3657 invita
642 3595 764 3656 donabis
790 3600 933 3676 coniuge,
959 3597 1070 3658 vendes

308 3682 365 3743 llao
388 3681 523 3743 obstante
545 3680 633 3756 nihil,
658 3679 744 3756 nihil,
768 3682 844 3742 haee
867 3684 891 3740 si
912 3681 1009 3757 nolet,
1033 3694 1159 3748 emetur:

308 3767 385 3828 llaec
405 3765 485 3828 dabit
507 3765 647 3838 allectus,
672 3764 723 3826 ille
749 3766 921 3828 excludatur
943 3767 1052 3826 amisus

344 3872 402 3912 mv.
422 3871 485 3912 aar.
1112 3849 1131 3905 3
