3434 4575
670 461 716 524 M.
729 460 822 524 VAL.
836 460 1064 522 MARTIALIS

428 613 498 676 Uuu
510 611 661 675 levemur:
683 614 794 694 aspicit
808 611 889 673 nihil
904 633 1024 691 susum,

429 698 493 760 Sed
508 705 630 778 spectat
644 696 742 758 oculis
759 697 978 757 devorantibus
994 697 1124 758 draucos

429 782 495 843 Nec
510 783 618 843 otiosis
632 780 786 842 mentulas
799 780 887 841 videt
899 779 1006 842 labris.

430 867 561 945 Quaeris
577 867 645 946 quis
662 867 714 927 hic
729 866 804 945 sit?¹
825 864 951 926 Excidit
967 866 1042 926 mihi
1057 883 1179 926 numen.

804 998 925 1061 XCVII.

431 1114 508 1175 Cum
523 1109 654 1172 clsmrut
670 1128 793 1188 omnes,
814 1109 955 1190 loqueris
971 1117 1061 1190 tuuc,
1083 1110 1240 1193 Nuevule,
1261 1119 1381 1194 tentum

469 1197 512 1256 Et
525 1201 558 1254 te
573 1202 736 1275 patronum
751 1193 1000 1274 causidicumque
1018 1203 1118 1275 putes.

429 1281 496 1340 Hac
511 1281 633 1340 ratione
647 1285 754 1359 potest
768 1296 859 1339 nemu
876 1298 937 1338 nou
953 1298 1023 1339 esse
1039 1278 1184 1342 disertus.

470 1364 572 1442 Ecce,
592 1370 697 1423 tacent
711 1381 834 1423 omues:
853 1360 1009 1441 Naevule,
1033 1362 1082 1425 dic
1098 1363 1225 1445 sliquid.

795 1495 934 1558 xcviii.

429 1611 547 1689 Litigat
561 1616 594 1669 et
606 1609 742 1691 podsgrs
758 1608 929 1688 Diodorus,
951 1593 1233 1689 Flucces'luborst.

472 1693 536 1754 Sed
555 1691 601 1753 nil
615 1701 745 1775 pstruno
761 1695 910 1775 porrigit:
932 1695 1010 1755 haec
1024 1697 1173 1777 chersgrs
1187 1706 1246 1761 est.

814 1843 923 1904 XCIX.

426 1955 497 2017 Nou
510 1955 634 2037 plenum
652 1956 743 2017 modo
756 1958 874 2017 viciens
887 1959 1043 2037 habebas,

429 2040 493 2100 Sed
507 2048 569 2100 tem
585 2039 733 2120 prodigus
747 2048 840 2120 stque
853 2039 998 2101 liberulis

426 2121 761 2201 intaminatum,
785 2123 920 2203 Calene,
943 2133 978 2185 ut
992 2145 1099 2188 omues

429 2207 582 2289 Optarent
596 2209 654 2268 tibi
668 2210 808 2268 centiens
823 2209 921 2268 amici.

407 2293 528 2355 5Audit
541 2299 612 2352 vote
627 2291 703 2353 deus
717 2310 891 2373 precesque
905 2301 1030 2355 nostrus

428 2379 533 2455 Atque
548 2378 647 2454 iutra,
668 2383 760 2456 puto,
781 2378 929 2458 septimas
943 2376 1100 2439 Kalendas

428 2461 551 2521 Mortes
565 2461 626 2519 hoc
639 2461 697 2519 tibi
712 2468 858 2540 quattuor
875 2459 1039 2524 dederuut.

428 2546 472 2605 At
486 2549 520 2603 tu
534 2545 578 2603 sic
594 2544 680 2621 qussi
693 2564 756 2604 uon
769 2546 855 2606 foret
867 2543 1030 2625 relictum,

426 2626 491 2688 Sed
507 2633 628 2707 ruptum
642 2629 701 2689 tibi
716 2631 876 2708 centiens,
895 2631 988 2690 abisti

386 2712 460 2775 10111
474 2716 590 2771 tuntum
604 2714 698 2772 miser
713 2715 932 2793 esuritionem,

426 2792 472 2856 Ut
487 2797 623 2856 convivis
639 2800 883 2877 sumptuosiora,

428 2877 511 2939 Tuto
527 2899 604 2958 quse
620 2879 718 2940 semel
733 2901 862 2961 apparas
877 2883 909 2941 in
925 2899 1021 2957 anno,

427 2963 542 3041 Nigrae
557 2963 700 3024 sordibus
715 2965 852 3044 explices
867 2972 1025 3042 monetae,

425 3047 468 3107 Et
483 3054 604 3126 septem
617 3054 742 3108 veteres
755 3049 802 3108 tui
816 3047 939 3108 sodales

386 3139 419 3193 15
428 3131 613 3191 constemus
626 3131 685 3190 tibi
696 3129 840 3210 plumbea
856 3129 982 3192 selibra.

428 3213 510 3291 Quid
525 3213 650 3293 dignum
663 3216 784 3275 meritis
797 3232 963 3295 precemur
977 3216 1068 3276 istis?

429 3299 577 3379 Optamus
591 3299 649 3358 tibi
662 3296 802 3371 miliens,
825 3297 950 3360 Calene.

428 3383 497 3443 Hoc
512 3384 539 3443 si
553 3383 736 3461 contigerit,
756 3382 838 3443 fame
852 3383 981 3464 peribis.

847 3516 873 3577 G

430 3628 579 3691 Mammas
594 3633 687 3707 etque
700 3633 780 3688 tstss
792 3583 889 3688 hebet
903 3626 996 3705 Afra,
1018 3624 1075 3687 sed
1086 3628 1153 3708 ipsa
1166 3633 1300 3689 tatarum
1332 3633 1340 3644 ‘

472 3713 542 3774 Dici
558 3718 591 3773 et
605 3732 800 3773 mammarum
814 3712 943 3772 murima
957 3729 1085 3773 mamma
1100 3718 1213 3793 potest.
