<?xml version="1.0" encoding="UTF-8"?>
<!DOCTYPE html PUBLIC "-//W3C//DTD XHTML 1.0 Transitional//EN"
    "http://www.w3.org/TR/xhtml1/DTD/xhtml1-transitional.dtd">
<html xmlns="http://www.w3.org/1999/xhtml" xml:lang="en" lang="en">
 <head>
  <title>
</title>
<meta http-equiv="Content-Type" content="text/html;charset=utf-8" />
  <meta name='ocr-system' content='tesseract 3.04.00' />
  <meta name='ocr-capabilities' content='ocr_page ocr_carea ocr_par ocr_line ocrx_word'/>
</head>
<body>
  <div class='ocr_page' id='page_1' title='image "./satirarumlibriq00juvegoog_0080.png"; bbox 0 0 3434 4575; ppageno 0'>
   <div class='ocr_carea' id='block_1_1' title="bbox 434 469 1094 530">
    <p class='ocr_par' dir='ltr' id='par_1_1' title="bbox 434 469 1094 530">
     <span class='ocr_line' id='line_1_1' title="bbox 434 469 1094 530; baseline -0.006 0"><span class='ocrx_word' id='word_1_1' title='bbox 434 469 473 530; x_wconf 83' lang='lat' dir='ltr'><strong>tt</strong></span> <span class='ocrx_word' id='word_1_2' title='bbox 756 479 790 526; x_wconf 88' lang='lat' dir='ltr'><strong>o.</strong></span> <span class='ocrx_word' id='word_1_3' title='bbox 811 478 882 528; x_wconf 80' lang='lat' dir='ltr'><strong>run.</strong></span> <span class='ocrx_word' id='word_1_4' title='bbox 907 478 1094 528; x_wconf 69' lang='lat' dir='ltr'><strong>mansuro</strong></span> 
     </span>
    </p>
   </div>
   <div class='ocr_carea' id='block_1_2' title="bbox 431 619 1432 2560">
    <p class='ocr_par' dir='ltr' id='par_1_2' title="bbox 432 619 1427 955">
     <span class='ocr_line' id='line_1_2' title="bbox 433 619 1427 698; baseline -0.002 -16"><span class='ocrx_word' id='word_1_5' title='bbox 433 623 552 682; x_wconf 79' lang='lat' dir='ltr'><strong>Tantum</strong></span> <span class='ocrx_word' id='word_1_6' title='bbox 577 631 654 682; x_wconf 86' lang='lat' dir='ltr'><strong>artes</strong></span> <span class='ocrx_word' id='word_1_7' title='bbox 679 621 778 696; x_wconf 83' lang='lat' dir='ltr'><strong>liuius,</strong></span> <span class='ocrx_word' id='word_1_8' title='bbox 803 629 909 681; x_wconf 90' lang='lat' dir='ltr'><strong>tantum</strong></span> <span class='ocrx_word' id='word_1_9' title='bbox 934 619 1123 679; x_wconf 78' lang='lat' dir='ltr'><strong>medicamina</strong></span> <span class='ocrx_word' id='word_1_10' title='bbox 1146 629 1278 698; x_wconf 82' lang='lat' dir='ltr'>possunt,</span> <span class='ocrx_word' id='word_1_11' title='bbox 1378 628 1427 683; x_wconf 80' lang='lat'><strong>595</strong></span> 
     </span>
     <span class='ocr_line' id='line_1_3' title="bbox 433 705 1362 784; baseline -0.006 -17"><span class='ocrx_word' id='word_1_12' title='bbox 433 707 515 780; x_wconf 82' lang='lat' dir='ltr'><strong>Quae</strong></span> <span class='ocrx_word' id='word_1_13' title='bbox 540 705 658 767; x_wconf 87' lang='lat' dir='ltr'><strong>steriles</strong></span> <span class='ocrx_word' id='word_1_14' title='bbox 681 706 750 766; x_wconf 87' lang='lat' dir='ltr'><strong>iacit</strong></span> <span class='ocrx_word' id='word_1_15' title='bbox 774 713 862 784; x_wconf 88' lang='lat' dir='ltr'><strong>atque</strong></span> <span class='ocrx_word' id='word_1_16' title='bbox 884 705 1015 765; x_wconf 87' lang='lat' dir='ltr'><strong>homines</strong></span> <span class='ocrx_word' id='word_1_17' title='bbox 1035 705 1064 764; x_wconf 92' lang='lat' dir='ltr'><strong>in</strong></span> <span class='ocrx_word' id='word_1_18' title='bbox 1085 714 1188 764; x_wconf 83' lang='lat' dir='ltr'><strong>ventre</strong></span> <span class='ocrx_word' id='word_1_19' title='bbox 1212 705 1362 764; x_wconf 88' lang='lat' dir='ltr'><strong>necandos</strong></span> 
     </span>
     <span class='ocr_line' id='line_1_4' title="bbox 432 788 1276 869; baseline -0.004 -19"><span class='ocrx_word' id='word_1_20' title='bbox 432 789 586 851; x_wconf 78' lang='lat' dir='ltr'><strong>conducit.</strong></span> <span class='ocrx_word' id='word_1_21' title='bbox 633 789 748 865; x_wconf 85' lang='lat' dir='ltr'><strong>Gaude,</strong></span> <span class='ocrx_word' id='word_1_22' title='bbox 777 788 896 865; x_wconf 84' lang='lat' dir='ltr'><strong>inlelix,</strong></span> <span class='ocrx_word' id='word_1_23' title='bbox 921 798 1009 869; x_wconf 87' lang='lat' dir='ltr'><strong>atque</strong></span> <span class='ocrx_word' id='word_1_24' title='bbox 1032 788 1098 868; x_wconf 90' lang='lat' dir='ltr'><strong>ipse</strong></span> <span class='ocrx_word' id='word_1_25' title='bbox 1122 788 1276 849; x_wconf 91' lang='lat' dir='ltr'><strong>bibendum</strong></span> 
     </span>
     <span class='ocr_line' id='line_1_5' title="bbox 432 872 1268 955; baseline -0.005 -19"><span class='ocrx_word' id='word_1_26' title='bbox 432 875 570 953; x_wconf 75' lang='lat' dir='ltr'><strong>Porrige,</strong></span> <span class='ocrx_word' id='word_1_27' title='bbox 589 874 727 955; x_wconf 85' lang='lat' dir='ltr'><strong>quidquid</strong></span> <span class='ocrx_word' id='word_1_28' title='bbox 752 876 822 942; x_wconf 87' lang='lat' dir='ltr'><strong>erit;</strong></span> <span class='ocrx_word' id='word_1_29' title='bbox 845 892 911 935; x_wconf 89' lang='lat' dir='ltr'><strong>nam</strong></span> <span class='ocrx_word' id='word_1_30' title='bbox 936 874 959 932; x_wconf 91' lang='lat' dir='ltr'><strong>si</strong></span> <span class='ocrx_word' id='word_1_31' title='bbox 983 872 1151 934; x_wconf 81' lang='lat' dir='ltr'>distendere</span> <span class='ocrx_word' id='word_1_32' title='bbox 1175 873 1268 932; x_wconf 89' lang='lat' dir='ltr'><strong>vellet</strong></span> 
     </span>
    </p>

    <p class='ocr_par' dir='ltr' id='par_1_3' title="bbox 433 957 1191 1037">
     <span class='ocr_line' id='line_1_6' title="bbox 433 957 1191 1037; baseline -0.005 -17"><span class='ocrx_word' id='word_1_33' title='bbox 433 959 469 1020; x_wconf 79' lang='lat' dir='ltr'><strong>llt</strong></span> <span class='ocrx_word' id='word_1_34' title='bbox 492 977 602 1019; x_wconf 88' lang='lat' dir='ltr'><strong>vexare</strong></span> <span class='ocrx_word' id='word_1_35' title='bbox 628 968 740 1018; x_wconf 89' lang='lat' dir='ltr'><strong>uterum</strong></span> <span class='ocrx_word' id='word_1_36' title='bbox 765 961 865 1037; x_wconf 90' lang='lat' dir='ltr'><strong>pneris</strong></span> <span class='ocrx_word' id='word_1_37' title='bbox 889 957 1081 1034; x_wconf 77' lang='lat' dir='ltr'><strong>salientibus,</strong></span> <span class='ocrx_word' id='word_1_38' title='bbox 1106 976 1191 1017; x_wconf 88' lang='lat' dir='ltr'><strong>esses</strong></span> 
     </span>
    </p>

    <p class='ocr_par' dir='ltr' id='par_1_4' title="bbox 431 1041 1431 1208">
     <span class='ocr_line' id='line_1_7' title="bbox 433 1041 1431 1122; baseline 0.001 -19"><span class='ocrx_word' id='word_1_39' title='bbox 433 1043 587 1122; x_wconf 78' lang='lat' dir='ltr'><strong>Aethiopis</strong></span> <span class='ocrx_word' id='word_1_40' title='bbox 610 1045 737 1104; x_wconf 83' lang='lat' dir='ltr'><strong>tortasse</strong></span> <span class='ocrx_word' id='word_1_41' title='bbox 759 1054 858 1122; x_wconf 78' lang='lat' dir='ltr'><strong>pater:</strong></span> <span class='ocrx_word' id='word_1_42' title='bbox 883 1059 952 1103; x_wconf 84' lang='lat' dir='ltr'><strong>mox</strong></span> <span class='ocrx_word' id='word_1_43' title='bbox 974 1041 1098 1102; x_wconf 90' lang='lat' dir='ltr'><strong>decolor</strong></span> <span class='ocrx_word' id='word_1_44' title='bbox 1121 1042 1209 1102; x_wconf 83' lang='lat' dir='ltr'><strong>heras</strong></span> <span class='ocrx_word' id='word_1_45' title='bbox 1380 1050 1431 1104; x_wconf 83' lang='lat'><strong>600</strong></span> 
     </span>
     <span class='ocr_line' id='line_1_8' title="bbox 431 1126 1248 1208; baseline -0.005 -20"><span class='ocrx_word' id='word_1_46' title='bbox 431 1127 569 1208; x_wconf 89' lang='lat' dir='ltr'><strong>lmpleret</strong></span> <span class='ocrx_word' id='word_1_47' title='bbox 592 1127 722 1202; x_wconf 89' lang='lat' dir='ltr'><strong>tabulas,</strong></span> <span class='ocrx_word' id='word_1_48' title='bbox 746 1145 900 1206; x_wconf 82' lang='lat' dir='ltr'><strong>numquam</strong></span> <span class='ocrx_word' id='word_1_49' title='bbox 922 1127 973 1187; x_wconf 92' lang='lat' dir='ltr'><strong>tibi</strong></span> <span class='ocrx_word' id='word_1_50' title='bbox 994 1145 1077 1187; x_wconf 89' lang='lat' dir='ltr'><strong>mane</strong></span> <span class='ocrx_word' id='word_1_51' title='bbox 1098 1126 1248 1187; x_wconf 84' lang='lat' dir='ltr'><strong>ridendus.</strong></span> 
     </span>
    </p>

    <p class='ocr_par' dir='ltr' id='par_1_5' title="bbox 431 1211 1202 1291">
     <span class='ocr_line' id='line_1_9' title="bbox 431 1211 1202 1291; baseline -0.003 -19"><span class='ocrx_word' id='word_1_52' title='bbox 431 1211 563 1273; x_wconf 76' lang='lat' dir='ltr'><strong>Transeo</strong></span> <span class='ocrx_word' id='word_1_53' title='bbox 586 1213 759 1291; x_wconf 91' lang='lat' dir='ltr'><strong>suppositos</strong></span> <span class='ocrx_word' id='word_1_54' title='bbox 781 1222 811 1272; x_wconf 89' lang='lat' dir='ltr'><strong>et</strong></span> <span class='ocrx_word' id='word_1_55' title='bbox 832 1213 937 1291; x_wconf 90' lang='lat' dir='ltr'><strong>gaudia</strong></span> <span class='ocrx_word' id='word_1_56' title='bbox 960 1220 1089 1290; x_wconf 87' lang='lat' dir='ltr'><strong>votaque</strong></span> <span class='ocrx_word' id='word_1_57' title='bbox 1111 1229 1202 1289; x_wconf 86' lang='lat' dir='ltr'><strong>saepe</strong></span> 
     </span>
    </p>

    <p class='ocr_par' dir='ltr' id='par_1_6' title="bbox 433 1295 1216 1375">
     <span class='ocr_line' id='line_1_10' title="bbox 433 1295 1216 1375; baseline -0.003 -20"><span class='ocrx_word' id='word_1_58' title='bbox 433 1296 476 1356; x_wconf 81' lang='lat' dir='ltr'><strong>tt</strong></span> <span class='ocrx_word' id='word_1_59' title='bbox 500 1313 624 1375; x_wconf 86' lang='lat' dir='ltr'><strong>spurcos</strong></span> <span class='ocrx_word' id='word_1_60' title='bbox 640 1297 781 1374; x_wconf 89' lang='lat' dir='ltr'><strong>decerpta</strong></span> <span class='ocrx_word' id='word_1_61' title='bbox 801 1296 882 1357; x_wconf 89' lang='lat' dir='ltr'><strong>lacus</strong></span> <span class='ocrx_word' id='word_1_62' title='bbox 904 1306 992 1375; x_wconf 88' lang='lat' dir='ltr'><strong>atque</strong></span> <span class='ocrx_word' id='word_1_63' title='bbox 1016 1295 1082 1355; x_wconf 88' lang='lat' dir='ltr'><strong>inde</strong></span> <span class='ocrx_word' id='word_1_64' title='bbox 1108 1296 1216 1374; x_wconf 89' lang='lat' dir='ltr'><strong>petitos</strong></span> 
     </span>
    </p>

    <p class='ocr_par' dir='ltr' id='par_1_7' title="bbox 432 1379 1190 1454">
     <span class='ocr_line' id='line_1_11' title="bbox 432 1379 1190 1454; baseline -0.004 -13"><span class='ocrx_word' id='word_1_65' title='bbox 432 1381 605 1454; x_wconf 74' lang='lat' dir='ltr'><strong>Pontifices,</strong></span> <span class='ocrx_word' id='word_1_66' title='bbox 639 1379 748 1452; x_wconf 85' lang='lat' dir='ltr'><strong>salios,</strong></span> <span class='ocrx_word' id='word_1_67' title='bbox 774 1381 948 1440; x_wconf 82' lang='lat' dir='ltr'><strong>Scaurorum</strong></span> <span class='ocrx_word' id='word_1_68' title='bbox 973 1382 1087 1439; x_wconf 91' lang='lat' dir='ltr'><strong>nomina</strong></span> <span class='ocrx_word' id='word_1_69' title='bbox 1114 1380 1190 1439; x_wconf 85' lang='lat' dir='ltr'><strong>laiso</strong></span> 
     </span>
    </p>

    <p class='ocr_par' dir='ltr' id='par_1_8' title="bbox 432 1463 1431 1612">
     <span class='ocr_line' id='line_1_12' title="bbox 432 1463 1431 1545; baseline -0.002 -21"><span class='ocrx_word' id='word_1_70' title='bbox 432 1463 567 1545; x_wconf 80' lang='lat' dir='ltr'><strong>Corpore</strong></span> <span class='ocrx_word' id='word_1_71' title='bbox 591 1465 712 1526; x_wconf 91' lang='lat' dir='ltr'><strong>laturos.</strong></span> <span class='ocrx_word' id='word_1_72' title='bbox 758 1465 821 1524; x_wconf 90' lang='lat' dir='ltr'><strong>Stat</strong></span> <span class='ocrx_word' id='word_1_73' title='bbox 842 1463 970 1525; x_wconf 82' lang='lat' dir='ltr'><strong>Fortuna</strong></span> <span class='ocrx_word' id='word_1_74' title='bbox 994 1465 1127 1542; x_wconf 88' lang='lat' dir='ltr'><strong>improba</strong></span> <span class='ocrx_word' id='word_1_75' title='bbox 1151 1475 1249 1537; x_wconf 86' lang='lat' dir='ltr'><strong>noctu,</strong></span> <span class='ocrx_word' id='word_1_76' title='bbox 1381 1472 1431 1524; x_wconf 73' lang='lat'><strong>605</strong></span> 
     </span>
     <span class='ocr_line' id='line_1_13' title="bbox 432 1548 1182 1612; baseline -0.003 -2"><span class='ocrx_word' id='word_1_77' title='bbox 432 1548 573 1610; x_wconf 72' lang='lat' dir='ltr'><strong>arridens</strong></span> <span class='ocrx_word' id='word_1_78' title='bbox 595 1548 680 1609; x_wconf 90' lang='lat' dir='ltr'><strong>nudis</strong></span> <span class='ocrx_word' id='word_1_79' title='bbox 702 1548 872 1612; x_wconf 79' lang='lat' dir='ltr'><strong>infantibus:</strong></span> <span class='ocrx_word' id='word_1_80' title='bbox 898 1549 952 1609; x_wconf 89' lang='lat' dir='ltr'><strong>hos</strong></span> <span class='ocrx_word' id='word_1_81' title='bbox 975 1549 1057 1609; x_wconf 86' lang='lat' dir='ltr'><strong>louet</strong></span> <span class='ocrx_word' id='word_1_82' title='bbox 1080 1566 1182 1608; x_wconf 90' lang='lat' dir='ltr'><strong>omnes</strong></span> 
     </span>
    </p>

    <p class='ocr_par' dir='ltr' id='par_1_9' title="bbox 431 1633 1302 1882">
     <span class='ocr_line' id='line_1_14' title="bbox 431 1633 1206 1713; baseline -0.005 -19"><span class='ocrx_word' id='word_1_83' title='bbox 431 1633 614 1713; x_wconf 79' lang='lat' dir='ltr'><strong>Involvitque</strong></span> <span class='ocrx_word' id='word_1_84' title='bbox 639 1635 715 1697; x_wconf 85' lang='lat' dir='ltr'><strong>sinu:</strong></span> <span class='ocrx_word' id='word_1_85' title='bbox 742 1633 875 1694; x_wconf 89' lang='lat' dir='ltr'><strong>domibus</strong></span> <span class='ocrx_word' id='word_1_86' title='bbox 898 1644 966 1694; x_wconf 92' lang='lat' dir='ltr'><strong>tunc</strong></span> <span class='ocrx_word' id='word_1_87' title='bbox 994 1635 1118 1712; x_wconf 90' lang='lat' dir='ltr'><strong>porrigit</strong></span> <span class='ocrx_word' id='word_1_88' title='bbox 1141 1633 1206 1693; x_wconf 90' lang='lat' dir='ltr'><strong>altis</strong></span> 
     </span>
     <span class='ocr_line' id='line_1_15' title="bbox 433 1715 1302 1799; baseline -0.007 -20"><span class='ocrx_word' id='word_1_89' title='bbox 433 1721 647 1798; x_wconf 85' lang='lat' dir='ltr'><strong>Secretumque</strong></span> <span class='ocrx_word' id='word_1_90' title='bbox 669 1718 724 1799; x_wconf 89' lang='lat' dir='ltr'><strong>sibi</strong></span> <span class='ocrx_word' id='word_1_91' title='bbox 748 1719 862 1778; x_wconf 93' lang='lat' dir='ltr'><strong>mimum</strong></span> <span class='ocrx_word' id='word_1_92' title='bbox 886 1727 984 1797; x_wconf 88' lang='lat' dir='ltr'><strong>parat;</strong></span> <span class='ocrx_word' id='word_1_93' title='bbox 1009 1717 1065 1778; x_wconf 91' lang='lat' dir='ltr'><strong>hos</strong></span> <span class='ocrx_word' id='word_1_94' title='bbox 1088 1727 1180 1792; x_wconf 90' lang='lat' dir='ltr'><strong>amat,</strong></span> <span class='ocrx_word' id='word_1_95' title='bbox 1203 1715 1246 1775; x_wconf 86' lang='lat' dir='ltr'><strong>bis</strong></span> <span class='ocrx_word' id='word_1_96' title='bbox 1270 1735 1302 1774; x_wconf 91' lang='lat' dir='ltr'><strong>se</strong></span> 
     </span>
     <span class='ocr_line' id='line_1_16' title="bbox 431 1802 1195 1882; baseline -0.004 -20"><span class='ocrx_word' id='word_1_97' title='bbox 431 1804 541 1882; x_wconf 77' lang='lat' dir='ltr'><strong>Ingerit</strong></span> <span class='ocrx_word' id='word_1_98' title='bbox 564 1813 654 1882; x_wconf 86' lang='lat' dir='ltr'><strong>utque</strong></span> <span class='ocrx_word' id='word_1_99' title='bbox 679 1820 749 1863; x_wconf 89' lang='lat' dir='ltr'><strong>snos</strong></span> <span class='ocrx_word' id='word_1_100' title='bbox 763 1822 882 1882; x_wconf 89' lang='lat' dir='ltr'><strong>semper</strong></span> <span class='ocrx_word' id='word_1_101' title='bbox 895 1802 1030 1882; x_wconf 91' lang='lat' dir='ltr'><strong>producit</strong></span> <span class='ocrx_word' id='word_1_102' title='bbox 1053 1802 1195 1863; x_wconf 90' lang='lat' dir='ltr'><strong>alumnos.</strong></span> 
     </span>
    </p>

    <p class='ocr_par' dir='ltr' id='par_1_10' title="bbox 432 1885 1432 2051">
     <span class='ocr_line' id='line_1_17' title="bbox 432 1885 1432 1966; baseline -0.009 -18"><span class='ocrx_word' id='word_1_103' title='bbox 432 1887 484 1948; x_wconf 88' lang='lat' dir='ltr'><strong>llic</strong></span> <span class='ocrx_word' id='word_1_104' title='bbox 509 1889 642 1966; x_wconf 84' lang='lat' dir='ltr'><strong>magicos</strong></span> <span class='ocrx_word' id='word_1_105' title='bbox 666 1887 752 1949; x_wconf 86' lang='lat' dir='ltr'><strong>aliert</strong></span> <span class='ocrx_word' id='word_1_106' title='bbox 775 1897 894 1963; x_wconf 86' lang='lat' dir='ltr'><strong>cantus,</strong></span> <span class='ocrx_word' id='word_1_107' title='bbox 918 1887 965 1947; x_wconf 90' lang='lat' dir='ltr'><strong>hic</strong></span> <span class='ocrx_word' id='word_1_108' title='bbox 988 1886 1129 1947; x_wconf 86' lang='lat' dir='ltr'><strong>Thessala</strong></span> <span class='ocrx_word' id='word_1_109' title='bbox 1152 1885 1252 1944; x_wconf 86' lang='lat' dir='ltr'><strong>vendit</strong></span> <span class='ocrx_word' id='word_1_110' title='bbox 1382 1892 1432 1945; x_wconf 80' lang='lat' dir='ltr'><strong>fito</strong></span> 
     </span>
     <span class='ocr_line' id='line_1_18' title="bbox 433 1971 1205 2051; baseline -0.006 -19"><span class='ocrx_word' id='word_1_111' title='bbox 433 1971 561 2046; x_wconf 78' lang='lat' dir='ltr'><strong>Philtra,</strong></span> <span class='ocrx_word' id='word_1_112' title='bbox 585 1973 690 2051; x_wconf 90' lang='lat' dir='ltr'><strong>quibus</strong></span> <span class='ocrx_word' id='word_1_113' title='bbox 713 1972 810 2032; x_wconf 87' lang='lat' dir='ltr'><strong>valeat</strong></span> <span class='ocrx_word' id='word_1_114' title='bbox 831 1982 956 2032; x_wconf 86' lang='lat' dir='ltr'><strong>mentem</strong></span> <span class='ocrx_word' id='word_1_115' title='bbox 980 1989 1091 2031; x_wconf 85' lang='lat' dir='ltr'><strong>vexare</strong></span> <span class='ocrx_word' id='word_1_116' title='bbox 1113 1972 1205 2030; x_wconf 90' lang='lat' dir='ltr'><strong>mariti</strong></span> 
     </span>
    </p>

    <p class='ocr_par' dir='ltr' id='par_1_11' title="bbox 432 2055 1281 2135">
     <span class='ocr_line' id='line_1_19' title="bbox 432 2055 1281 2135; baseline 0.001 -19"><span class='ocrx_word' id='word_1_117' title='bbox 432 2056 469 2116; x_wconf 86' lang='lat' dir='ltr'><strong>Et</strong></span> <span class='ocrx_word' id='word_1_118' title='bbox 492 2056 575 2116; x_wconf 85' lang='lat' dir='ltr'><strong>solea</strong></span> <span class='ocrx_word' id='word_1_119' title='bbox 602 2056 720 2134; x_wconf 89' lang='lat' dir='ltr'><strong>pulsare</strong></span> <span class='ocrx_word' id='word_1_120' title='bbox 745 2065 844 2125; x_wconf 88' lang='lat' dir='ltr'><strong>nates;</strong></span> <span class='ocrx_word' id='word_1_121' title='bbox 871 2055 950 2135; x_wconf 91' lang='lat' dir='ltr'><strong>quod</strong></span> <span class='ocrx_word' id='word_1_122' title='bbox 978 2056 1105 2132; x_wconf 84' lang='lat' dir='ltr'><strong>desipis,</strong></span> <span class='ocrx_word' id='word_1_123' title='bbox 1133 2056 1200 2115; x_wconf 88' lang='lat' dir='ltr'><strong>inde</strong></span> <span class='ocrx_word' id='word_1_124' title='bbox 1222 2061 1281 2117; x_wconf 85' lang='lat' dir='ltr'><strong>est;</strong></span> 
     </span>
    </p>

    <p class='ocr_par' dir='ltr' id='par_1_12' title="bbox 432 2139 1190 2218">
     <span class='ocr_line' id='line_1_20' title="bbox 432 2139 1190 2218; baseline 0 -18"><span class='ocrx_word' id='word_1_125' title='bbox 432 2140 503 2201; x_wconf 88' lang='lat' dir='ltr'><strong>lade</strong></span> <span class='ocrx_word' id='word_1_126' title='bbox 529 2141 614 2200; x_wconf 92' lang='lat' dir='ltr'><strong>animi</strong></span> <span class='ocrx_word' id='word_1_127' title='bbox 643 2140 740 2218; x_wconf 86' lang='lat' dir='ltr'><strong>caligo</strong></span> <span class='ocrx_word' id='word_1_128' title='bbox 768 2151 797 2201; x_wconf 91' lang='lat' dir='ltr'><strong>et</strong></span> <span class='ocrx_word' id='word_1_129' title='bbox 823 2158 926 2218; x_wconf 89' lang='lat' dir='ltr'><strong>magna</strong></span> <span class='ocrx_word' id='word_1_130' title='bbox 950 2139 1059 2200; x_wconf 93' lang='lat' dir='ltr'><strong>oblivio</strong></span> <span class='ocrx_word' id='word_1_131' title='bbox 1083 2158 1190 2214; x_wconf 88' lang='lat' dir='ltr'><strong>rerum,</strong></span> 
     </span>
    </p>

    <p class='ocr_par' dir='ltr' id='par_1_13' title="bbox 433 2222 1336 2303">
     <span class='ocr_line' id='line_1_21' title="bbox 433 2222 1336 2303; baseline -0.007 -19"><span class='ocrx_word' id='word_1_132' title='bbox 433 2223 513 2299; x_wconf 83' lang='lat' dir='ltr'><strong>Quas</strong></span> <span class='ocrx_word' id='word_1_133' title='bbox 535 2223 622 2284; x_wconf 89' lang='lat' dir='ltr'><strong>modo</strong></span> <span class='ocrx_word' id='word_1_134' title='bbox 646 2225 776 2303; x_wconf 87' lang='lat' dir='ltr'><strong>gessisti.</strong></span> <span class='ocrx_word' id='word_1_135' title='bbox 823 2224 932 2284; x_wconf 84' lang='lat' dir='ltr'><strong>&#39;lamen</strong></span> <span class='ocrx_word' id='word_1_136' title='bbox 953 2224 1011 2284; x_wconf 91' lang='lat' dir='ltr'><strong>boc</strong></span> <span class='ocrx_word' id='word_1_137' title='bbox 1036 2222 1208 2299; x_wconf 88' lang='lat' dir='ltr'><strong>tolerabile,</strong></span> <span class='ocrx_word' id='word_1_138' title='bbox 1232 2222 1256 2279; x_wconf 89' lang='lat' dir='ltr'><strong>si</strong></span> <span class='ocrx_word' id='word_1_139' title='bbox 1279 2241 1336 2280; x_wconf 71' lang='lat' dir='ltr'><strong>niun</strong></span> 
     </span>
    </p>

    <p class='ocr_par' dir='ltr' id='par_1_14' title="bbox 432 2308 1432 2473">
     <span class='ocr_line' id='line_1_22' title="bbox 432 2308 1432 2388; baseline -0.003 -19"><span class='ocrx_word' id='word_1_140' title='bbox 432 2308 470 2369; x_wconf 84' lang='lat' dir='ltr'><strong>Et</strong></span> <span class='ocrx_word' id='word_1_141' title='bbox 493 2309 592 2369; x_wconf 85' lang='lat' dir='ltr'><strong>iurare</strong></span> <span class='ocrx_word' id='word_1_142' title='bbox 615 2310 755 2388; x_wconf 86' lang='lat' dir='ltr'><strong>incipias,</strong></span> <span class='ocrx_word' id='word_1_143' title='bbox 779 2319 809 2369; x_wconf 89' lang='lat' dir='ltr'><strong>ut</strong></span> <span class='ocrx_word' id='word_1_144' title='bbox 831 2309 991 2369; x_wconf 82' lang='lat' dir='ltr'><strong>avunculus</strong></span> <span class='ocrx_word' id='word_1_145' title='bbox 1015 2309 1065 2370; x_wconf 92' lang='lat' dir='ltr'><strong>ille</strong></span> <span class='ocrx_word' id='word_1_146' title='bbox 1089 2308 1225 2382; x_wconf 88' lang='lat' dir='ltr'><strong>Neronis,</strong></span> <span class='ocrx_word' id='word_1_147' title='bbox 1382 2316 1432 2369; x_wconf 76' lang='lat'><strong>615</strong></span> 
     </span>
     <span class='ocr_line' id='line_1_23' title="bbox 433 2391 1151 2473; baseline 0 -20"><span class='ocrx_word' id='word_1_148' title='bbox 433 2391 487 2453; x_wconf 80' lang='lat' dir='ltr'><strong>(lui</strong></span> <span class='ocrx_word' id='word_1_149' title='bbox 509 2402 598 2453; x_wconf 88' lang='lat' dir='ltr'><strong>totam</strong></span> <span class='ocrx_word' id='word_1_150' title='bbox 622 2394 737 2454; x_wconf 90' lang='lat' dir='ltr'><strong>tremuli</strong></span> <span class='ocrx_word' id='word_1_151' title='bbox 760 2394 886 2454; x_wconf 83' lang='lat' dir='ltr'><strong>frontem</strong></span> <span class='ocrx_word' id='word_1_152' title='bbox 909 2391 1054 2455; x_wconf 82' lang='lat' dir='ltr'><strong>caesonio</strong></span> <span class='ocrx_word' id='word_1_153' title='bbox 1078 2394 1151 2473; x_wconf 91' lang='lat' dir='ltr'><strong>pulli</strong></span> 
     </span>
    </p>

    <p class='ocr_par' dir='ltr' id='par_1_15' title="bbox 433 2474 1255 2560">
     <span class='ocr_line' id='line_1_24' title="bbox 433 2474 1255 2560; baseline -0.002 -23"><span class='ocrx_word' id='word_1_154' title='bbox 433 2477 556 2537; x_wconf 88' lang='lat' dir='ltr'><strong>lniudit:</strong></span> <span class='ocrx_word' id='word_1_155' title='bbox 582 2495 657 2557; x_wconf 90' lang='lat' dir='ltr'><strong>quae</strong></span> <span class='ocrx_word' id='word_1_156' title='bbox 681 2496 739 2537; x_wconf 91' lang='lat' dir='ltr'><strong>uon</strong></span> <span class='ocrx_word' id='word_1_157' title='bbox 766 2479 872 2556; x_wconf 85' lang='lat' dir='ltr'><strong>laniet,</strong></span> <span class='ocrx_word' id='word_1_158' title='bbox 896 2478 974 2560; x_wconf 91' lang='lat' dir='ltr'><strong>quod</strong></span> <span class='ocrx_word' id='word_1_159' title='bbox 998 2480 1140 2558; x_wconf 89' lang='lat' dir='ltr'><strong>principis</strong></span> <span class='ocrx_word' id='word_1_160' title='bbox 1162 2474 1255 2537; x_wconf 85' lang='lat' dir='ltr'><strong>uxori</strong></span> 
     </span>
    </p>
   </div>
   <div class='ocr_carea' id='block_1_3' title="bbox 326 2560 1201 2642">
    <p class='ocr_par' dir='ltr' id='par_1_16' title="bbox 326 2560 1201 2642">
     <span class='ocr_line' id='line_1_25' title="bbox 326 2560 1201 2642; baseline 0.001 -21"><span class='ocrx_word' id='word_1_161' title='bbox 326 2593 328 2597; x_wconf 83' lang='grc'><em>·</em></span> <span class='ocrx_word' id='word_1_162' title='bbox 435 2560 584 2622; x_wconf 77' lang='lat' dir='ltr'><strong>Ardebant</strong></span> <span class='ocrx_word' id='word_1_163' title='bbox 608 2572 711 2623; x_wconf 87' lang='lat' dir='ltr'><strong>cuncta</strong></span> <span class='ocrx_word' id='word_1_164' title='bbox 735 2573 764 2624; x_wconf 88' lang='lat' dir='ltr'><strong>et</strong></span> <span class='ocrx_word' id='word_1_165' title='bbox 785 2564 879 2625; x_wconf 90' lang='lat' dir='ltr'><strong>iracta</strong></span> <span class='ocrx_word' id='word_1_166' title='bbox 902 2581 1046 2642; x_wconf 87' lang='lat' dir='ltr'><strong>compage</strong></span> <span class='ocrx_word' id='word_1_167' title='bbox 1068 2562 1201 2635; x_wconf 88' lang='lat' dir='ltr'><strong>ruebant,</strong></span> 
     </span>
    </p>
   </div>
   <div class='ocr_carea' id='block_1_4' title="bbox 434 2644 1434 3826">
    <p class='ocr_par' dir='ltr' id='par_1_17' title="bbox 434 2644 1433 3316">
     <span class='ocr_line' id='line_1_26' title="bbox 434 2644 1163 2726; baseline 0 -20"><span class='ocrx_word' id='word_1_168' title='bbox 434 2644 498 2706; x_wconf 87' lang='lat' dir='ltr'><strong>Nou</strong></span> <span class='ocrx_word' id='word_1_169' title='bbox 522 2644 609 2707; x_wconf 89' lang='lat' dir='ltr'><strong>aliter</strong></span> <span class='ocrx_word' id='word_1_170' title='bbox 636 2649 771 2726; x_wconf 90' lang='lat' dir='ltr'><strong>quamsi</strong></span> <span class='ocrx_word' id='word_1_171' title='bbox 794 2650 917 2709; x_wconf 87' lang='lat' dir='ltr'><strong>iecisset</strong></span> <span class='ocrx_word' id='word_1_172' title='bbox 940 2648 1010 2708; x_wconf 90' lang='lat' dir='ltr'><strong>luno</strong></span> <span class='ocrx_word' id='word_1_173' title='bbox 1034 2649 1163 2707; x_wconf 89' lang='lat' dir='ltr'><strong>maritum</strong></span> 
     </span>
     <span class='ocr_line' id='line_1_27' title="bbox 434 2728 1432 2811; baseline 0.002 -21"><span class='ocrx_word' id='word_1_174' title='bbox 434 2730 577 2790; x_wconf 85' lang='lat' dir='ltr'><strong>lasanum.</strong></span> <span class='ocrx_word' id='word_1_175' title='bbox 623 2728 718 2792; x_wconf 76' lang='lat' dir='ltr'><strong>Minus</strong></span> <span class='ocrx_word' id='word_1_176' title='bbox 743 2750 816 2811; x_wconf 87' lang='lat' dir='ltr'><strong>ergo</strong></span> <span class='ocrx_word' id='word_1_177' title='bbox 840 2750 952 2793; x_wconf 88' lang='lat' dir='ltr'><strong>nocens</strong></span> <span class='ocrx_word' id='word_1_178' title='bbox 981 2734 1036 2794; x_wconf 90' lang='lat' dir='ltr'><strong>erit</strong></span> <span class='ocrx_word' id='word_1_179' title='bbox 1059 2732 1240 2810; x_wconf 77' lang='lat' dir='ltr'><strong>Agrippinae</strong></span> <span class='ocrx_word' id='word_1_180' title='bbox 1382 2742 1432 2795; x_wconf 67' lang='lat'><strong>620</strong></span> 
     </span>
     <span class='ocr_line' id='line_1_28' title="bbox 434 2814 1174 2897; baseline 0 -22"><span class='ocrx_word' id='word_1_181' title='bbox 434 2814 571 2875; x_wconf 76' lang='lat' dir='ltr'><strong>boletus:</strong></span> <span class='ocrx_word' id='word_1_182' title='bbox 593 2816 737 2894; x_wconf 90' lang='lat' dir='ltr'><strong>siquidem</strong></span> <span class='ocrx_word' id='word_1_183' title='bbox 758 2820 841 2878; x_wconf 90' lang='lat' dir='ltr'><strong>unius</strong></span> <span class='ocrx_word' id='word_1_184' title='bbox 866 2819 1041 2897; x_wconf 88' lang='lat' dir='ltr'><strong>praecordia</strong></span> <span class='ocrx_word' id='word_1_185' title='bbox 1066 2817 1174 2894; x_wconf 90' lang='lat' dir='ltr'><strong>pressit</strong></span> 
     </span>
     <span class='ocr_line' id='line_1_29' title="bbox 434 2897 1266 2982; baseline -0.002 -23"><span class='ocrx_word' id='word_1_186' title='bbox 434 2897 489 2959; x_wconf 88' lang='lat' dir='ltr'><strong>llle</strong></span> <span class='ocrx_word' id='word_1_187' title='bbox 512 2900 591 2959; x_wconf 88' lang='lat' dir='ltr'><strong>senis</strong></span> <span class='ocrx_word' id='word_1_188' title='bbox 615 2901 828 2982; x_wconf 88' lang='lat' dir='ltr'><strong>tremulumque</strong></span> <span class='ocrx_word' id='word_1_189' title='bbox 851 2912 938 2981; x_wconf 91' lang='lat' dir='ltr'><strong>caput</strong></span> <span class='ocrx_word' id='word_1_190' title='bbox 958 2899 1142 2961; x_wconf 89' lang='lat' dir='ltr'><strong>descendere</strong></span> <span class='ocrx_word' id='word_1_191' title='bbox 1167 2901 1266 2973; x_wconf 33' lang='lat' dir='ltr'><strong>iussit,</strong></span> 
     </span>
     <span class='ocr_line' id='line_1_30' title="bbox 435 2982 1163 3062; baseline 0.01 -20"><span class='ocrx_word' id='word_1_192' title='bbox 435 2982 466 3042; x_wconf 93' lang='lat' dir='ltr'><strong>ln</strong></span> <span class='ocrx_word' id='word_1_193' title='bbox 489 2982 605 3043; x_wconf 91' lang='lat' dir='ltr'><strong>coelum</strong></span> <span class='ocrx_word' id='word_1_194' title='bbox 628 2994 657 3043; x_wconf 88' lang='lat' dir='ltr'><strong>et</strong></span> <span class='ocrx_word' id='word_1_195' title='bbox 679 2986 765 3062; x_wconf 87' lang='lat' dir='ltr'><strong>longa</strong></span> <span class='ocrx_word' id='word_1_196' title='bbox 789 2988 930 3048; x_wconf 87' lang='lat' dir='ltr'><strong>manantia</strong></span> <span class='ocrx_word' id='word_1_197' title='bbox 955 2985 1035 3046; x_wconf 88' lang='lat' dir='ltr'><strong>labra</strong></span> <span class='ocrx_word' id='word_1_198' title='bbox 1058 2983 1163 3049; x_wconf 85' lang='lat' dir='ltr'><strong>salira:</strong></span> 
     </span>
     <span class='ocr_line' id='line_1_31' title="bbox 436 3066 1361 3150; baseline 0 -24"><span class='ocrx_word' id='word_1_199' title='bbox 436 3066 514 3126; x_wconf 90' lang='lat' dir='ltr'><strong>llaec</strong></span> <span class='ocrx_word' id='word_1_200' title='bbox 539 3070 635 3145; x_wconf 90' lang='lat' dir='ltr'><strong>poscit</strong></span> <span class='ocrx_word' id='word_1_201' title='bbox 655 3068 764 3129; x_wconf 82' lang='lat' dir='ltr'><strong>ferrum</strong></span> <span class='ocrx_word' id='word_1_202' title='bbox 786 3080 874 3150; x_wconf 89' lang='lat' dir='ltr'><strong>atque</strong></span> <span class='ocrx_word' id='word_1_203' title='bbox 898 3073 999 3148; x_wconf 87' lang='lat' dir='ltr'><strong>ignes,</strong></span> <span class='ocrx_word' id='word_1_204' title='bbox 1028 3070 1101 3129; x_wconf 90' lang='lat' dir='ltr'><strong>baec</strong></span> <span class='ocrx_word' id='word_1_205' title='bbox 1126 3070 1206 3147; x_wconf 91' lang='lat' dir='ltr'><strong>potio</strong></span> <span class='ocrx_word' id='word_1_206' title='bbox 1231 3078 1361 3146; x_wconf 87' lang='lat' dir='ltr'><strong>torquet,</strong></span> 
     </span>
     <span class='ocr_line' id='line_1_32' title="bbox 436 3150 1433 3235; baseline 0.004 -25"><span class='ocrx_word' id='word_1_207' title='bbox 436 3150 515 3211; x_wconf 88' lang='lat' dir='ltr'><strong>llaec</strong></span> <span class='ocrx_word' id='word_1_208' title='bbox 540 3152 651 3212; x_wconf 85' lang='lat' dir='ltr'><strong>lacerat</strong></span> <span class='ocrx_word' id='word_1_209' title='bbox 674 3154 780 3215; x_wconf 79' lang='lat' dir='ltr'><strong>mixtos</strong></span> <span class='ocrx_word' id='word_1_210' title='bbox 804 3157 930 3235; x_wconf 89' lang='lat' dir='ltr'><strong>equitum</strong></span> <span class='ocrx_word' id='word_1_211' title='bbox 955 3173 1019 3215; x_wconf 91' lang='lat' dir='ltr'><strong>curu</strong></span> <span class='ocrx_word' id='word_1_212' title='bbox 1042 3154 1182 3231; x_wconf 85' lang='lat' dir='ltr'><strong>sanguine</strong></span> <span class='ocrx_word' id='word_1_213' title='bbox 1210 3161 1318 3230; x_wconf 91' lang='lat' dir='ltr'><strong>patres.</strong></span> <span class='ocrx_word' id='word_1_214' title='bbox 1383 3162 1433 3216; x_wconf 73' lang='lat'><strong>625</strong></span> 
     </span>
     <span class='ocr_line' id='line_1_33' title="bbox 435 3233 1256 3316; baseline 0.002 -23"><span class='ocrx_word' id='word_1_215' title='bbox 435 3233 518 3294; x_wconf 84' lang='lat' dir='ltr'><strong>&#39;lauti</strong></span> <span class='ocrx_word' id='word_1_216' title='bbox 542 3246 641 3313; x_wconf 92' lang='lat' dir='ltr'><strong>partus</strong></span> <span class='ocrx_word' id='word_1_217' title='bbox 666 3256 778 3316; x_wconf 87' lang='lat' dir='ltr'><strong>equae,</strong></span> <span class='ocrx_word' id='word_1_218' title='bbox 801 3241 871 3299; x_wconf 89' lang='lat' dir='ltr'><strong>tanti</strong></span> <span class='ocrx_word' id='word_1_219' title='bbox 896 3258 950 3299; x_wconf 91' lang='lat' dir='ltr'><strong>una</strong></span> <span class='ocrx_word' id='word_1_220' title='bbox 972 3238 1105 3299; x_wconf 87' lang='lat' dir='ltr'><strong>venelica</strong></span> <span class='ocrx_word' id='word_1_221' title='bbox 1127 3236 1256 3297; x_wconf 80' lang='lat' dir='ltr'><strong>constat!</strong></span> 
     </span>
    </p>

    <p class='ocr_par' dir='ltr' id='par_1_18' title="bbox 436 3318 1434 3826">
     <span class='ocr_line' id='line_1_34' title="bbox 479 3318 1215 3402; baseline 0.003 -24"><span class='ocrx_word' id='word_1_222' title='bbox 479 3318 611 3380; x_wconf 89' lang='lat' dir='ltr'><strong>Oderunt</strong></span> <span class='ocrx_word' id='word_1_223' title='bbox 634 3330 718 3380; x_wconf 90' lang='lat' dir='ltr'><strong>natos</strong></span> <span class='ocrx_word' id='word_1_224' title='bbox 741 3324 777 3383; x_wconf 91' lang='lat' dir='ltr'><strong>dc</strong></span> <span class='ocrx_word' id='word_1_225' title='bbox 801 3324 928 3402; x_wconf 76' lang='lat' dir='ltr'><strong>pellice:</strong></span> <span class='ocrx_word' id='word_1_226' title='bbox 952 3340 1037 3383; x_wconf 92' lang='lat' dir='ltr'><strong>nemo</strong></span> <span class='ocrx_word' id='word_1_227' title='bbox 1060 3331 1215 3399; x_wconf 77' lang='lat' dir='ltr'><strong>repugnet,</strong></span> 
     </span>
     <span class='ocr_line' id='line_1_35' title="bbox 436 3403 1312 3487; baseline 0 -23"><span class='ocrx_word' id='word_1_228' title='bbox 436 3403 529 3465; x_wconf 82' lang='lat' dir='ltr'><strong>Nemo</strong></span> <span class='ocrx_word' id='word_1_229' title='bbox 553 3413 649 3472; x_wconf 83' lang='lat' dir='ltr'><strong>vetet;</strong></span> <span class='ocrx_word' id='word_1_230' title='bbox 674 3406 729 3464; x_wconf 88' lang='lat' dir='ltr'><strong>iarn</strong></span> <span class='ocrx_word' id='word_1_231' title='bbox 754 3409 808 3468; x_wconf 93' lang='lat' dir='ltr'><strong>iam</strong></span> <span class='ocrx_word' id='word_1_232' title='bbox 833 3410 995 3487; x_wconf 85' lang='lat' dir='ltr'><strong>privignum</strong></span> <span class='ocrx_word' id='word_1_233' title='bbox 1021 3406 1159 3467; x_wconf 86' lang='lat' dir='ltr'><strong>occidere</strong></span> <span class='ocrx_word' id='word_1_234' title='bbox 1183 3406 1227 3465; x_wconf 87' lang='lat' dir='ltr'><strong>ias</strong></span> <span class='ocrx_word' id='word_1_235' title='bbox 1252 3416 1312 3477; x_wconf 91' lang='lat' dir='ltr'><strong>est;</strong></span> 
     </span>
     <span class='ocr_line' id='line_1_36' title="bbox 437 3488 1316 3571; baseline 0.001 -24"><span class='ocrx_word' id='word_1_236' title='bbox 437 3488 498 3548; x_wconf 88' lang='lat' dir='ltr'><strong>Vos</strong></span> <span class='ocrx_word' id='word_1_237' title='bbox 523 3505 600 3566; x_wconf 93' lang='lat' dir='ltr'><strong>ego,</strong></span> <span class='ocrx_word' id='word_1_238' title='bbox 623 3489 741 3568; x_wconf 84' lang='lat' dir='ltr'><strong>pupilli,</strong></span> <span class='ocrx_word' id='word_1_239' title='bbox 766 3510 889 3569; x_wconf 89' lang='lat' dir='ltr'><strong>moneo,</strong></span> <span class='ocrx_word' id='word_1_240' title='bbox 914 3493 1019 3571; x_wconf 91' lang='lat' dir='ltr'><strong>quibus</strong></span> <span class='ocrx_word' id='word_1_241' title='bbox 1041 3490 1165 3568; x_wconf 94' lang='lat' dir='ltr'><strong>amplior</strong></span> <span class='ocrx_word' id='word_1_242' title='bbox 1190 3499 1236 3550; x_wconf 84' lang='lat' dir='ltr'><strong>ast</strong></span> <span class='ocrx_word' id='word_1_243' title='bbox 1258 3509 1316 3566; x_wconf 82' lang='lat' dir='ltr'><strong>res,</strong></span> 
     </span>
     <span class='ocr_line' id='line_1_37' title="bbox 437 3572 1434 3638; baseline 0.003 -6"><span class='ocrx_word' id='word_1_244' title='bbox 437 3572 591 3633; x_wconf 85' lang='lat' dir='ltr'><strong>Gustodite</strong></span> <span class='ocrx_word' id='word_1_245' title='bbox 613 3574 722 3634; x_wconf 90' lang='lat' dir='ltr'><strong>animas</strong></span> <span class='ocrx_word' id='word_1_246' title='bbox 746 3586 776 3637; x_wconf 89' lang='lat' dir='ltr'><strong>ct</strong></span> <span class='ocrx_word' id='word_1_247' title='bbox 798 3577 869 3636; x_wconf 92' lang='lat' dir='ltr'><strong>nulli</strong></span> <span class='ocrx_word' id='word_1_248' title='bbox 891 3576 1004 3637; x_wconf 86' lang='lat' dir='ltr'><strong>credita</strong></span> <span class='ocrx_word' id='word_1_249' title='bbox 1026 3591 1160 3637; x_wconf 84' lang='lat' dir='ltr'><strong>mensae:</strong></span> <span class='ocrx_word' id='word_1_250' title='bbox 1384 3583 1434 3638; x_wconf 81' lang='lat'><strong>630</strong></span> 
     </span>
     <span class='ocr_line' id='line_1_38' title="bbox 438 3655 1118 3739; baseline 0.001 -24"><span class='ocrx_word' id='word_1_251' title='bbox 438 3655 535 3716; x_wconf 79' lang='lat' dir='ltr'><strong>livida</strong></span> <span class='ocrx_word' id='word_1_252' title='bbox 561 3665 692 3717; x_wconf 89' lang='lat' dir='ltr'><strong>materno</strong></span> <span class='ocrx_word' id='word_1_253' title='bbox 716 3660 831 3722; x_wconf 82' lang='lat' dir='ltr'><strong>ferrent</strong></span> <span class='ocrx_word' id='word_1_254' title='bbox 854 3661 970 3739; x_wconf 92' lang='lat' dir='ltr'><strong>adipata</strong></span> <span class='ocrx_word' id='word_1_255' title='bbox 992 3674 1118 3720; x_wconf 87' lang='lat' dir='ltr'><strong>veneno.</strong></span> 
     </span>
     <span class='ocr_line' id='line_1_39' title="bbox 439 3739 1263 3826; baseline 0.002 -24"><span class='ocrx_word' id='word_1_256' title='bbox 439 3739 587 3819; x_wconf 80' lang='lat' dir='ltr'><strong>{Mordeat</strong></span> <span class='ocrx_word' id='word_1_257' title='bbox 609 3751 676 3803; x_wconf 85' lang='lat' dir='ltr'><strong>ante</strong></span> <span class='ocrx_word' id='word_1_258' title='bbox 702 3746 822 3826; x_wconf 87' lang='lat' dir='ltr'><strong>aliquis,</strong></span> <span class='ocrx_word' id='word_1_259' title='bbox 852 3742 989 3825; x_wconf 88' lang='lat' dir='ltr'><strong>quidquid</strong></span> <span class='ocrx_word' id='word_1_260' title='bbox 1014 3743 1181 3823; x_wconf 85' lang='lat' dir='ltr'><strong>porrexerit</strong></span> <span class='ocrx_word' id='word_1_261' title='bbox 1202 3743 1263 3817; x_wconf 92' lang='lat' dir='ltr'><strong>illa,</strong></span> 
     </span>
    </p>
   </div>
   <div class='ocr_carea' id='block_1_5' title="bbox 0 0 1727 4575">
    <p class='ocr_par' dir='ltr' id='par_1_19' title="bbox 0 0 1727 4575">
     <span class='ocr_line' id='line_1_40' title="bbox 0 0 1727 4575; baseline 0 0"><span class='ocrx_word' id='word_1_262' title='bbox 0 0 1727 4575; x_wconf 95' lang='lat' dir='ltr'><strong> </strong></span> 
     </span>
    </p>
   </div>
  </div>
 </body>
</html>
