3434 4575
399 446 420 509 8
479 445 523 507 M.
538 443 631 506 VAL.
649 441 876 504 MARTIALIS
891 442 1230 505 EPIGRAMMATON
1244 444 1376 507 LIBER.

484 595 621 654 Fucinus
637 599 671 654 et
684 593 767 674 pIgri
783 558 945 654 taceantur
960 599 1067 672 stagna
1081 592 1229 656 Neronis:

529 677 617 738 Hauc
629 679 738 738 norint
752 694 843 738 unam
858 675 980 737 saecula
994 679 1211 740 naumachiam.

867 810 976 870 XXIX.

486 925 564 987 cum
580 925 722 986 traheret
736 923 879 1001 Priscus,
900 925 1042 986 traheret
1056 926 1223 985 certamina
1237 925 1343 988 Verus

526 1010 620 1070 Esset
636 1014 669 1068 et
684 1007 820 1085 aequalis
835 1007 922 1068 Mars
936 1010 1097 1088 utriusque
1111 1007 1179 1086 diu,
1273 1038 1276 1043 ·

484 1094 594 1155 Missis
610 1108 703 1172 saepe
718 1091 793 1150 viris
808 1109 917 1170 magno
933 1089 1068 1152 clamore
1085 1093 1185 1173 petita
1200 1099 1264 1167 est3

528 1175 592 1238 Sed
607 1176 723 1237 Caesar
736 1172 802 1252 legi
817 1177 920 1254 paruit
933 1176 1002 1256 ipse
1017 1193 1104 1236 suae:
1119 1209 1160 1218 —

463 1261 551 1341 5Lex
566 1265 649 1336 erat,
671 1256 709 1318 ad
725 1257 854 1337 digitum
869 1262 970 1338 puslta
990 1276 1177 1319 concurrere
1192 1279 1315 1339 parma:
1335 1297 1373 1304 Μ
1449 1309 1452 1312 «

527 1342 617 1420 Quod
633 1340 740 1418 licuit,
761 1341 867 1403 lauces
881 1340 1023 1421 donaque
1037 1360 1131 1422 saepe
1146 1341 1243 1404 dedlt.

483 1429 628 1487 iuventus
643 1431 746 1484 tamen
763 1430 812 1484 est
824 1425 896 1484 finis
911 1423 1098 1484 discriminis
1114 1427 1219 1504 aequi:

527 1509 708 1588 Pugnavere
722 1525 830 1588 pares,
853 1510 1044 1569 succubuere
1059 1527 1159 1588 pares.

484 1593 574 1654 Misit
590 1593 714 1671 utrique
731 1589 826 1651 rudes
840 1597 874 1651 et
886 1590 1003 1672 palmas
1020 1593 1135 1653 Caesar
1149 1593 1289 1669 utrique:

445 1687 478 1740 10
527 1677 596 1737 Iloc
609 1676 744 1758 pretium
757 1677 855 1735 virtus
869 1676 1030 1754 ingeniosa
1044 1675 1126 1751 tulit.

487 1760 627 1840 conttgtt
640 1761 700 1820 hoc
714 1757 800 1820 nulla
815 1760 876 1819 uisi
892 1765 924 1820 te
942 1763 998 1821 sub
1013 1761 1172 1841 principe,
1195 1759 1327 1820 caesara

527 1846 605 1906 curu
621 1843 681 1905 duc
695 1849 886 1926 pugnarent,
907 1845 1006 1905 victor
1021 1850 1153 1923 uterque
1167 1843 1236 1904 fuit.

878 1959 974 2022 XXX.

486 2059 616 2120 Concita
636 2055 760 2118 veloces
774 2056 899 2136 fugeret
914 2076 982 2116 cum
996 2055 1114 2116 damma
1127 2053 1283 2116 Molossos

526 2143 569 2203 ut
581 2141 672 2202 varia·
682 2139 784 2200 lentas
799 2146 944 2200 necteret
961 2145 1029 2200 arte
1046 2159 1163 2217 moras,

486 2226 628 2287 Gaesarls
646 2231 718 2284 aute
732 2221 831 2304 pedes
845 2220 975 2303 supplex
989 2220 1160 2303 slmilisque
1175 2223 1297 2301 roganti

433 2368 435 2372 ,
528 2308 692 2385 (lunatim,
715 2311 748 2366 et
760 2306 907 2387 praedam
921 2326 984 2366 non
998 2308 1132 2386 tetigere
1148 2325 1249 2383 capes.

461 2404 478 2456 5
487 2434 1233 2456 ...............

528 2447 615 2550 llaec
629 2454 794 2534 intellecto
813 2474 955 2554 principe
971 2472 1051 2533 dona
1066 2466 1145 2534 tulit.
1317 2553 1319 2556 ι

486 2562 608 2621 Numen
625 2557 720 2618 habet
738 2556 868 2618 caesar:
890 2576 977 2617 sacra
993 2565 1042 2617 est
1055 2559 1149 2634 haec,
1172 2575 1259 2617 sacra
1273 2562 1430 2638 potestas,

529 2640 674 2704 Credite:
697 2639 824 2702 mentiri
839 2660 900 2701 nou
917 2639 1056 2701 didicere
1074 2641 1170 2701 ferae.

870 2752 979 2829 xxxi.

486 2848 610 2912 Cedere
627 2851 736 2910 maiori
749 2851 873 2910 virtutis
890 2850 970 2910 fama
984 2847 1119 2910 secunda
1134 2853 1190 2910 est.

526 2929 585 2994 Illa
602 2934 702 3011 gravis
717 2929 820 3012 palma
834 2938 900 3010 est,
924 2952 1012 3010 quam
1027 2934 1128 2993 minor
1142 2932 1241 2993 hostis
1255 2934 1359 2997 habet.

859 3057 981 3121 XXXH.

484 3170 532 3232 lia
543 3172 665 3232 veniam
681 3170 810 3231 subitis:
831 3188 895 3229 non
910 3166 1105 3248 displicuisse
1119 3176 1259 3241 rueretur

528 3253 687 3333 Festinat,
710 3252 842 3332 Caesar,
867 3254 919 3332 qui
935 3250 1087 3332 placuisse
1102 3254 1170 3316 tibi.

854 3383 990 3447 XXXIII.

483 3497 591 3562 Flavia
608 3519 701 3580 gens,
725 3504 871 3579 quantum
884 3500 942 3559 tibi
956 3499 1068 3559 tertias
1083 3497 1210 3561 abstuIIt
1223 3500 1332 3560 heresi

526 3585 630 3646 Paene
645 3585 706 3645 luit
718 3584 815 3662 tanti,
836 3603 899 3643 non
913 3582 1057 3643 habuisse
1073 3581 1159 3645 duos.
