3434 4575
449 449 510 513 mo
775 424 1178 510 nvmmnrnunt

494 601 630 663 15Lento
647 607 807 682 castaneae
822 619 936 680 vapore
952 607 1060 658 tostae.

532 684 645 747 Vinum
661 691 695 744 tu
707 685 805 744 facies
820 686 934 744 bonum
950 679 1084 743 bibendo

530 769 607 829 Post
622 769 699 829 haec
715 770 814 827 omnia
828 768 912 827 torte
928 769 953 827 si
968 767 1104 826 movebit

533 853 671 912 bacchus
688 872 776 932 quarn
792 852 873 911 solet
889 853 1106 929 esuritionem,

532 936 722 996 Succurrent
735 937 794 996 tibi
808 935 929 996 nobiles
946 934 1060 1010 olivae,

488 1021 637 1082 20Piceni
651 1020 742 1080 modo
759 1040 832 1099 quas
847 1018 952 1079 tulere
971 1021 1061 1095 rami,

532 1106 574 1164 Et
588 1105 713 1164 fervens
729 1105 812 1164 cicer
828 1111 861 1163 et
875 1111 986 1184 tepens
999 1101 1134 1181 lupinus.

532 1189 629 1248 Parva
645 1195 695 1249 est
710 1187 836 1265 cenula,
850 1223 893 1235 -
909 1189 976 1266 quis
990 1193 1095 1266 potest
1109 1204 1224 1266 negare
1232 1186 1308 1246 i·—

532 1271 595 1333 Sed
609 1274 708 1351 finges
722 1270 802 1332 nihil
818 1272 962 1332 audiesve
975 1272 1079 1330 iictum

531 1358 573 1418 Et
588 1354 675 1416 voltu
688 1355 827 1437 placidus
842 1362 895 1415 tuo
911 1356 1090 1427 recumbes;

489 1450 523 1503 25
529 1439 595 1501 Nec
610 1458 746 1500 crassum
760 1439 901 1500 dominus
915 1437 1001 1518 leget
1015 1438 1173 1517 volumen,

531 1524 596 1584 Nec
611 1523 651 1582 de
667 1523 804 1585 Gadibus
818 1524 967 1603 improbis
981 1522 1104 1603 puellae

531 1608 706 1671 Vibrabunt
721 1608 788 1667 sine
803 1608 866 1665 fine
882 1607 1060 1687 prurientes

530 1692 674 1752 Lascivos
691 1689 782 1751 docili
801 1699 938 1750 tremore
952 1688 1090 1764 lumbos;

532 1774 596 1835 Sed
614 1774 696 1854 quod
709 1795 771 1835 non
787 1794 880 1854 grave
896 1776 937 1834 sit
954 1778 1012 1834 uec
1027 1774 1211 1853 infacetum,

491 1860 625 1924 aoParvr
641 1860 716 1920 tibia
731 1857 858 1939 condyli
874 1858 1004 1918 sonabit.

531 1945 617 2005 Haec
632 1949 681 2004 cst
696 1943 813 2005 ccnula.
841 1942 999 2003 Claudiam
1015 1943 1172 2020 sequeris,

532 2029 626 2105 Quam
641 2027 730 2089 uobis
746 2030 832 2108 cupis
847 2045 917 2086 esse
932 2032 965 2085 tu
978 2027 1124 2106 priorem.

901 2160 1037 2222 LXXiX.

529 2271 707 2335 Undeciens
720 2291 781 2332 uua
795 2273 946 2351 surrenti,
968 2271 1076 2349 Zoilc,
1092 2292 1183 2351 ceno,

570 2359 612 2419 nt
627 2362 741 2416 mutata
752 2357 811 2416 tibi
825 2363 875 2416 est
889 2357 1044 2436 synthesis
1059 2357 1245 2434 undeciens,

531 2439 633 2502 Sudor
646 2440 827 2500 inhaereret
840 2440 963 2501 madida
976 2460 1017 2502 ne
1029 2449 1117 2501 veste
1131 2445 1274 2502 retentus

528 2589 532 2598 ,
572 2526 614 2586 Et
629 2523 728 2585 laxam
743 2526 846 2585 tenuis
859 2524 1003 2586 laederet
1018 2546 1090 2585 aura
1105 2532 1214 2586 cutem.

509 2610 635 2687 {square
651 2626 708 2687 ego
724 2628 785 2669 uon
801 2607 894 2688 sudo,
917 2612 970 2689 qui
985 2617 1103 2689 tecum,
1125 2608 1233 2688 Zoile,
1256 2608 1360 2671 cenot

570 2693 682 2773 Frigus
698 2695 779 2754 enirn
794 2713 935 2773 magnum
949 2695 1105 2773 synthesis
1119 2714 1178 2754 uua
1193 2694 1277 2753 iacit.

903 2828 1026 2892 LXXX.

528 2940 597 3001 Non
612 2948 707 3002 totam
723 2943 815 3020 mihi,
840 2942 867 3002 si
880 2943 1016 3020 vacabit,
1038 2944 1161 3021 horam,

529 3024 633 3085 Dones
648 3033 681 3086 et
694 3023 772 3087 licet
785 3027 919 3105 imputes
934 3025 1066 3105 Severe,

447 3154 451 3160 -
528 3109 606 3170 Dum
621 3115 743 3170 nostras
756 3108 835 3187 legis
851 3109 1009 3187 exigisque
1024 3128 1128 3187 nugas.

527 3194 666 3273 „Durum
681 3198 730 3253 est
744 3189 880 3271 perdere
895 3191 1027 3251 ferias“:
1049 3211 1208 3272 rogamus,

507 3280 679 3341 tincturam
694 3275 821 3356 patiaris
835 3276 916 3334 hanc
931 3275 1085 3355 ferasque.

527 3362 616 3440 Quod
631 3362 657 3421 si
674 3358 791 3439 legeris
805 3360 874 3439 ipsc
890 3378 958 3418 cum
973 3357 1091 3421 diserto

525 3479 569 3491 -
584 3443 648 3506 Sed
663 3441 812 3523 numquid
829 3462 932 3502 sumus
946 3444 1101 3524 improbi?
1115 3480 1155 3488 -
1172 3439 1330 3519 Secundo,

526 3529 600 3591 Plus
616 3526 711 3589 multo
727 3529 785 3588 tibi
805 3526 967 3587 debiturus
981 3528 1033 3587 hic
1047 3534 1111 3607 est,

528 3615 623 3691 Quem
640 3611 736 3674 debet
750 3611 874 3672 domino
890 3631 945 3671 suo
959 3610 1095 3674 libellus.

488 3708 520 3761 10
527 3698 602 3759 Nam
618 3715 746 3759 securus
761 3697 838 3773 erit,
858 3713 917 3760 nec
933 3696 1071 3774 inquieta

359 3923 576 4052 mast·
