3434 4575
604 452 942 515 EPIGRAMMATON
958 453 1032 519 Lm.
1048 454 1099 516 lv.

370 609 574 671 15Armorum
590 604 662 666 Salo
679 612 872 686 temperator
887 606 997 664 ambit:

414 690 620 770 Tutelamque
640 691 814 769 chorosque
830 691 1041 768 Rixamarum,
1089 756 1092 762 ¹

411 777 454 836 Et
468 775 605 835 convivia
618 774 700 834 festa
719 774 926 852 Carduarum,

412 860 454 920 Et
467 861 561 919 textis
577 858 725 918 Peterum
739 860 819 919 rosis
834 860 1015 934 rubentem,

412 945 516 1021 Atque
532 944 656 1021 antiqua
670 949 792 1022 patrum
805 943 929 1002 theatra
943 942 1052 1020 Rigas,

366 1028 451 1089 20Et
467 1035 570 1086 certos
583 1024 683 1086 iaoulo
700 1026 762 1086 leri
779 1026 895 1104 Silaos,

413 1111 628 1190 Turgontique
642 1108 728 1170 lacus
742 1111 968 1189 Perusiaeque,

411 1195 454 1256 Et
468 1213 580 1275 parrae
597 1193 674 1255 vada
687 1215 766 1275 pura
780 1195 982 1272 Vetonissae,

411 1279 454 1338 ut
470 1285 608 1338 sanetum
622 1277 793 1338 Buradonis
807 1276 962 1356 ilicetum,

410 1363 474 1422 Per
489 1362 572 1441 quod
587 1361 637 1421 rel
651 1364 741 1442 piger
755 1360 891 1423 ambulat
904 1364 1019 1436 viator3
1098 1432 1099 1435 Ἴ

365 1447 451 1510 mut
467 1465 544 1526 quae
558 1448 691 1506 fortibus
707 1445 822 1506 excolit
834 1448 971 1507 iuvencis

412 1532 532 1591 Curvae
547 1529 683 1592 Manlius
702 1552 771 1591 arva
786 1531 977 1594 Vatirescae.

410 1616 496 1673 Haeo
510 1623 572 1674 tam
586 1617 717 1690 rustica,
742 1614 875 1676 delicate
891 1614 1005 1692 lector,

409 1698 506 1758 Rides
521 1699 663 1758 nomina?
685 1699 788 1758 rideas
802 1697 921 1761 licebit.

410 1783 496 1842 Haeo
511 1789 573 1842 tam
587 1784 703 1843 rustica
717 1780 813 1858 malo,
834 1789 923 1860 quam
937 1782 1100 1847 Rutuntos.

806 1945 884 2006 LVl.

409 2071 544 2131 Munera
559 2069 641 2149 quod
656 2071 781 2129 senibus
796 2070 959 2150 viduisque
973 2070 1111 2148 ingentia
1125 2072 1223 2132 mittis

451 2155 508 2217 vi·
522 2160 555 2213 te
570 2155 762 2233 munificum,
785 2154 980 2233 Gargiliane,
1002 2156 1130 2214 vocem?

409 2237 571 2299 Sordidius
585 2236 664 2298 nihil
678 2246 742 2317 est,
764 2236 843 2298 nibil
858 2245 908 2299 est
921 2245 954 2300 te
969 2240 1109 2319 spurcius
1123 2260 1201 2321 uuo,

453 2324 513 2400 Qui
526 2330 617 2402 potes
633 2322 761 2383 insidias
779 2322 860 2383 dona
873 2343 985 2384 vocure
999 2331 1077 2385 tuas.

384 2407 463 2469 bsic
479 2405 575 2466 avidis
590 2405 683 2466 fallax
697 2406 839 2486 indulget
853 2409 992 2488 piscibus
1010 2410 1133 2487 hamus,

455 2489 576 2550 Callida
590 2491 634 2549 sic
650 2490 761 2550 stultas
777 2491 896 2572 decipit
911 2509 981 2551 esca
996 2492 1093 2557 ferar.

410 2574 492 2651 Quid
508 2575 549 2634 sit
561 2570 688 2653 largiri,
712 2573 786 2654 quid
801 2577 841 2634 sit
856 2574 992 2653 donare,
1014 2574 1148 2656 docebo,

453 2658 486 2717 Si
501 2659 619 2717 nescis:
642 2656 737 2735 dona,
760 2657 955 2737 Gargilium,
976 2660 1061 2722 mihi.

668 2768 690 2820 0'
795 2820 887 2887 LVll.

407 2946 485 3005 Dum
500 2966 557 3006 nos
573 2945 685 3006 blanda
698 2954 809 3007 teuent
822 2947 928 3009 lascivi
943 2954 1049 3027 stagna
1062 2947 1190 3010 Lucrini

450 3031 491 3089 Et
506 3050 584 3109 quae
598 3033 748 3112 pumiceis
762 3034 902 3093 sontibus
916 3039 1004 3093 antro
1018 3029 1138 3110 colent,

408 3115 458 3174 Tu
472 3111 550 3174 colia
566 3115 661 3194 Argei
674 3134 820 3194 regnum,
842 3116 1010 3193 Faustino,
1033 3115 1152 3194 coloni,

448 3200 516 3273 Quo
533 3205 565 3259 te
580 3200 628 3259 bis
645 3199 782 3260 decimus
796 3200 883 3261 ducit
897 3202 933 3261 ab
952 3203 1028 3261 urbe
1044 3201 1131 3282 lapis.

382 3281 544 3343 5Horrida
559 3282 615 3343 sed
628 3284 753 3344 fervent
765 3284 912 3345 Nemeaei
925 3288 1053 3365 pectora
1067 3289 1213 3367 monstri,

447 3366 513 3427 Nec
527 3369 601 3428 satis
617 3374 682 3445 est,
703 3370 792 3429 Baias
806 3371 879 3447 igne
894 3368 998 3430 colere
1014 3388 1078 3430 suo.

404 3450 489 3529 Ergo
507 3453 588 3512 sacri
600 3453 704 3512 fontes
720 3461 752 3513 et
765 3452 862 3513 litora
877 3459 963 3531 grata
976 3451 1095 3531 valete,

448 3537 657 3615 Nympharum
670 3538 789 3617 pariter
803 3536 1033 3617 Nereidumque
1048 3536 1164 3599 domus.

405 3617 580 3679 Herculeos
595 3618 690 3681 colles
709 3620 813 3700 gelido
826 3641 880 3681 vos
894 3622 1009 3681 vincite
1024 3623 1147 3695 bruma,

357 3700 534 3846 JOMNunc
553 3702 726 3766 Tiburtinis
742 3704 844 3768 cedite
861 3706 1040 3785 frigoribus.
1138 3788 1157 3853 7

443 3804 515 3847 our.
