3434 4575
586 463 712 525 lNlYl'lX
725 463 1075 528 muluaAMMA'roa.
1293 466 1356 533 371

306 620 382 681 Quod
398 618 544 670 aanvluaria
562 632 619 668 eme
637 634 678 667 me
695 627 745 667 tam
766 633 862 683 saepe,
877 618 996 684 ·Luperee
1035 658 1041 671 .
1070 656 1076 669 .
1104 658 1111 672 .
1140 658 1146 671 .
1177 658 1183 673 .
1249 622 1293 684 Vl,
1312 623 1355 678 51.

307 689 382 750 Quod
399 688 471 756 euple
488 688 514 737 lu
532 688 628 738 nostrie
644 687 747 751 dieique
763 687 865 753 legique
882 687 977 739 libellis
1000 726 1006 739 .
1035 728 1041 739 .
1070 727 1076 740 .
1105 727 1112 741 .
1140 728 1147 741 .
1177 728 1183 742 .
1250 687 1294 751 ΙΙΙ,
1311 690 1356 743 31.

307 759 381 820 Quod
396 757 471 808 fellas
489 765 620 820 elaquam
634 764 721 822 potae,
739 757 790 817 ull,
809 756 920 819 Lesbia,
938 771 1031 824 peccas
1070 796 1076 808 .
1106 798 1112 809 .
1140 798 1146 809 .
1177 799 1182 811 .
1259 758 1292 821 11,
1312 761 1356 813 50.

305 828 380 889 Quod
394 828 485 878 Flaeeo
501 827 629 890 Varioque
647 825 695 876 luit
710 840 862 891 summoque
874 825 974 878 Maroni
1005 864 1183 881 ......
1254 829 1310 891 XII,
1329 836 1355 880 4.

305 896 380 959 Quod
397 897 482 947 fronte
499 893 596 946 Selium
612 895 698 946 nubila
717 896 803 958 aldea,
818 896 906 947 Rufe.
933 932 939 946 .
967 933 974 946 .
1002 934 1007 945 .
1037 936 1042 946 .
1072 936 1077 947 .
1106 935 1112 947 .
1140 936 1146 950 .
1177 937 1183 950 .
1260 899 1292 958 ll,
1312 898 1355 950 ll.

305 966 380 1027 Quod
394 965 454 1016 lana
470 972 546 1030 eaput
564 965 670 1031 alligas,
686 962 794 1015 Charine
827 1000 1184 1019 ...........
1241 965 1297 1028 llll,
1312 966 1355 1019 89.

304 1035 379 1096 Quod
395 1037 483 1102 magni
499 1034 627 1085 Thraseae
644 1035 862 1098 consummatique
881 1033 983 1086 aaronis
1002 1073 1183 1089 ......
1294 1038 1314 1102 l,
1328 1036 1354 1088 8.

305 1104 380 1166 Quod
397 1104 460 1155 milri
478 1104 667 1158 vixuuaatotu
682 1103 747 1154 liber
762 1111 836 1155 exeat
853 1118 945 1155 anuo.
971 1141 978 1155 .
1004 1141 1010 1155 .
1039 1144 1044 1155 .
1074 1144 1079 1155 .
1106 1144 1111 1153 .
1140 1144 1146 1157 .
1177 1146 1182 1157 .
1260 1106 1294 1167 X,
1311 1105 1354 1157 70.

305 1174 380 1235 Quod
394 1176 514 1225 minimae
533 1174 628 1232 cernis,
644 1173 712 1223 mitti
727 1188 775 1224 nos
793 1173 877 1224 eredis
894 1175 993 1224 amleae
1036 1212 1183 1227 .....
1242 1174 1312 1235 XIV,
1328 1172 1353 1225 9.

305 1242 380 1304 Quod
394 1258 442 1295 nee
460 1244 572 1293 earmlue
589 1242 687 1307 glorior
704 1244 798 1309 arpino
808 1278 1182 1296 ............
1260 1245 1293 1306 11,
1308 1243 1353 1295 86.

304 1312 379 1375 Quod
396 1327 444 1364 nee
458 1312 587 1379 Vergiliae
605 1326 653 1361 nee
670 1314 782 1362 carmine
801 1312 863 1363 dielt
874 1312 1000 1363 Homerus
1033 1349 1182 1365 .....
1221 1314 1292 1379 xlv,
1308 1313 1352 1365 57.

304 1380 379 1512 gued
393 1382 473 1433 nimio
492 1382 590 1449 grades
608 1389 707 1431 noctem
725 1382 869 1447 producere
882 1383 942 1433 vino
965 1416 1181 1435 .......
1262 1382 1294 1447 ΙΙ,
1309 1380 1353 1433 89.

327 1449 500 1502 uodnlmium
520 1451 583 1501 livea
599 1451 693 1501 noalrls
710 1452 845 1515 elabique
865 1450 959 1502 libellis
998 1488 1005 1502 .
1034 1488 1041 1503 .
1070 1490 1075 1501 .
1105 1490 1110 1501 .
1139 1491 1144 1502 .
1176 1493 1182 1504 .
1247 1449 1291 1512 XI,
1310 1450 1360 1508 94.

303 1519 379 1581 Quod
393 1520 499 1571 nimium
514 1528 638 1583 mortem,
657 1516 819 1571 Chaeremon·
831 1518 934 1583 Stoice,
952 1520 1043 1572 laudas
1070 1560 1075 1571 .
1106 1558 1111 1571 .
1139 1560 1145 1573 .
1175 1562 1181 1575 .
1246 1520 1292 1583 111,
1310 1520 1352 1572 56.

303 1586 739 1651 ouounoorumaubi,1.eanare‚
757 1590 1005 1655 peperueritunda.
1033 1628 1040 1642 .
1069 1630 1074 1641 .
1105 1628 1110 1639 .
1139 1631 1145 1642 .
1175 1631 1181 1642 .
1239 1589 1291 1655 Ep.
1308 1591 1351 1642 25.

303 1659 378 1720 Quod
392 1673 444 1710 nou
460 1665 607 1726 argentum,
627 1658 696 1722 qued
709 1669 761 1709 neu
776 1660 824 1711 tlbl
842 1660 968 1711 mittimus
984 1674 1075 1711 aarum
1103 1661 1114 1708 .'
1139 1699 1144 1710 .
1175 1700 1180 1711 .
1257 1661 1289 1720 V,
1309 1659 1353 1711 59.

304 1727 380 1788 Quod
395 1742 446 1778 uon
465 1728 563 1778 insulse
580 1728 672 1778 acribia
689 1727 838 1778 tetrasticha
855 1728 1006 1792 quaedam.
1034 1765 1041 1780 .
1068 1767 1073 1777 .
1104 1766 1109 1778 .
1139 1770 1145 1781 .
1175 1770 1180 1780 .
1239 1728 1296 1791 VII,
1307 1727 1351 1782 85.

304 1795 444 1857 Quodnam
462 1796 497 1847 eit
514 1796 624 1864 Pyladea
642 1796 692 1846 hoe
707 1804 836 1860 tempore,
853 1812 904 1846 uon
921 1797 956 1848 alt
972 1796 1072 1849 Orestes
1103 1836 1109 1846 .
1138 1839 1144 1849 .
1175 1839 1181 1850 .
1243 1798 1351 1858 VI,·ll.

304 1865 378 1927 Quod
396 1880 479 1916 novur
494 1874 519 1915 et
535 1880 618 1931 nuper
634 1865 716 1916 laetus
729 1865 777 1915 tibi
791 1873 903 1931 praestat
919 1867 1044 1916 amiens.
1071 1904 1076 1915 .
1103 1904 1109 1915 .
1138 1908 1143 1919 .
1175 1907 1181 1920 .
1251 1866 1351 1924 11136.

304 1934 379 1996 Quod
393 1936 483 2000 nabla,
499 1936 649 1996 Proeullna‚
665 1934 807 1985 concubino
829 1970 1181 1989 ...........
1251 1937 1295 2004 ΙΙΙ,
1308 1938 1350 1987 22.

303 2004 378 2065 Quod
391 2004 455 2055 nulli
473 2004 579 2055 aalieem
593 2010 667 2055 tunm
683 2005 808 2069 propinas
827 2040 1179 2058 ...........
1252 2006 1286 2067 ΙΙ,
1309 2006 1348 2055 15.

302 2074 379 2135 Quod
390 2088 520 2137 nunqnam
537 2074 650 2125 maribus
667 2073 775 2123 cineram
793 2081 831 2138 te,
850 2073 945 2134 Bassa,
961 2073 1078 2125 videbam
1103 2113 1108 2122 .
1138 2115 1143 2125 .
1173 2115 1178 2126 .
1270 2074 1290 2140 Ι,
1307 2072 1350 2125 90.

302 2142 378 2205 Quod
388 2144 505 2193 nutantia
519 2144 600 2194 lranle
618 2144 742 2209 perticata
751 2178 1179 2193 .............
1255 2145 1287 2204 V,
1308 2144 1349 2193 12.

301 2211 377 2273 Quod
392 2213 517 2277 optimum
532 2213 566 2262 rit
583 2213 696 2278 disputat
712 2212 856 2263 eonrlvium
893 2249 1178 2263 .........
1244 2214 1288 2271 ΙΧ,
1308 2214 1350 2263 77.

301 2280 376 2343 Quod
393 2289 496 2347 peetus,
511 2282 581 2347 quad
600 2297 675 2333 arura
693 2281 755 2344 tibi,
775 2282 844 2346 quod
861 2279 967 2334 brechia
983 2281 1073 2333 vellis.
1102 2320 1108 2331 .
1137 2320 1143 2334 .
1173 2323 1178 2333 .
1253 2283 1286 2343 ll,
1305 2280 1350 2334 62.

302 2350 376 2412 Quod
390 2351 450 2414 pius
465 2357 491 2400 et
505 2351 615 2415 supplex
631 2351 737 2416 elephas
752 2361 790 2411 te,
809 2351 1040 2418 Gaeeamadoral.
1067 2389 1072 2399 .
1102 2389 1108 2400 .
1137 2391 1142 2402 .
1172 2391 1177 2403 .
1236 2352 1287 2416 Ep.
1305 2351 1349 2405 17.

302 2417 378 2480 Quod
391 2431 541 2481 quarumque
557 2420 642 2479 venie,
659 2418 778 2469 Cosmum
796 2423 908 2485 migrare
927 2429 1072 2485 putamur.
1102 2460 1107 2473 .
1137 2461 1142 2472 .
1172 2462 1177 2473 .
1244 2422 1288 2481 Ill,
1305 2421 1347 2473 55.

302 2485 378 2548 Quod
393 2484 527 2550 querulum
545 2489 639 2552 spirae,
658 2487 728 2550 quod
744 2490 863 2539 aeerbum
878 2488 975 2540 Naevia
992 2491 1066 2541 tuerit
1102 2530 1107 2539 .
1137 2531 1142 2541 .
1172 2533 1177 2542 .
1253 2489 1347 2549 11,26.

302 2555 377 2618 Quod
394 2568 497 2620 semper
511 2555 631 2619 uariaque
648 2556 815 2620 ainnamoque
826 2591 1177 2610 ...........
1240 2561 1285 2622 ΙΙΙ,
1305 2559 1347 2612 55.

302 2625 377 2687 Quod
394 2638 497 2690 semper
511 2639 619 2690 superor
636 2624 716 2675 invito
732 2624 810 2675 fratre
828 2627 925 2691 rogasti
962 2663 1178 2680 .......
1239 2630 1286 2692 ΙΙΙ,
1306 2629 1348 2681 51.

288 2694 376 2757 ,ἃιιοᾱ
392 2696 475 2744 elaeae
489 2693 586 2746 redolet
602 2695 676 2759 palus
693 2693 799 2745 lacunae
821 2729 1177 2747 ...........
1258 2698 1304 2761 IV,
1321 2701 1365 2759 4.,

302 2763 377 2825 Quod
392 2764 473 2829 spiret
490 2770 578 2814 tenera
594 2763 689 2813 malum
703 2763 834 2813 mordente
850 2763 936 2829 puella
968 2801 975 2814 .
999 2800 1005 2814 .
1030 2803 1040 2813 ..
1067 2803 1071 2811 .
1102 2803 1107 2814 .
1136 2805 1142 2815 .
1171 2804 1177 2816 .
1240 2766 1284 2823 ΙΙΙ,
1303 2767 1337 2819 65

302 2832 377 2894 Quod
390 2840 444 2883 tam
459 2834 556 2898 made
574 2833 671 2899 sophor
686 2833 778 2884 elamat
795 2833 843 2883 ribi
861 2833 935 2884 turbe
951 2841 1035 2901 togam
1067 2871 1073 2882 .
1102 2871 1108 2883 .
1137 2873 1142 2886 .
1171 2874 1178 2886 .
1241 2837 1286 2897 vl,
1304 2836 1347 2886 48.

302 2901 377 2963 Quod
391 2909 417 2952 te
432 2902 556 2968 diripiant
574 2903 730 2967 potentiores
753 2936 1178 2954 .............
1230 2906 1286 2966 Vll,
1305 2906 1347 2957 76.

302 2969 378 3032 Quod
391 2978 417 3022 le
433 2986 507 3023 mane
525 2971 595 3022 (loml
612 2977 665 3021 loto
683 2987 735 3021 nou
753 2972 971 3022 vidimuaauno.
999 3010 1005 3020 .
1035 3011 1040 3020 .
1071 3009 1076 3020 .
1102 3009 1108 3020 .
1136 3011 1142 3022 .
1172 3011 1178 3022 .
1244 2975 1288 3033 IV,
1304 2974 1346 3025 26.

301 3039 376 3102 Quod
391 3048 418 3091 te
432 3043 534 3091 nemine
551 3042 602 3091 lam
621 3048 665 3091 tuo
681 3039 765 3091 reluta
786 3076 1179 3092 ............
1260 3043 1289 3103 ΙΙ,
1304 3042 1345 3094 68.

302 3109 377 3170 Quod
391 3110 439 3160 libl
458 3125 533 3162 erare
549 3111 635 3175 rigent
648 3112 712 3161 aetla
727 3116 753 3159 el
767 3118 873 3176 pectora
887 3109 955 3162 villis
966 3147 1179 3161 .......
1243 3111 1287 3172 v1,
1304 3111 1347 3163 56.

301 3178 377 3239 Quod
390 3179 437 3230 tibi
453 3179 588 3230 Decembri
603 3184 704 3240 mense,
722 3194 773 3244 quo
791 3179 876 3231 volant
894 3194 1003 3247 mappae
1035 3218 1040 3228 .
1067 3216 1073 3229 .
1103 3217 1108 3228 .
1137 3217 1143 3230 .
1172 3217 1179 3230 .
1251 3180 1285 3238 V,
1305 3179 1347 3230 18.

301 3246 371 3307 Quor
389 3255 494 3313 euperel
509 3248 651 3315 Phlegraea
668 3264 730 3300 auor
748 3250 854 3301 viatoria
872 3249 969 3312 ludos.
997 3285 1180 3300 ......
1224 3249 1290 3305 Vlll,
1306 3250 1348 3300 78·

344 3478 356 3503 Ο

302 3517 401 3580 Raptus
420 3516 473 3565 abit
491 3516 577 3566 media
595 3518 664 3580 quod
682 3520 715 3568 acl
733 3518 836 3568 aethera
853 3527 943 3570 lentur
957 3519 1075 3586 harena.
1102 3557 1107 3568 .
1137 3555 1141 3567 .
1169 3554 1176 3567 .
1235 3517 1282 3582 Ep.
1305 3514 1346 3568 16.

301 3583 371 3635 Rara
386 3585 433 3637 tibi
450 3599 527 3635 eurva
546 3587 668 3637 eraticula
682 3589 757 3638 sudet
773 3587 869 3639 olella.
894 3625 901 3638 .
927 3625 933 3638 .
962 3627 967 3638 .
998 3626 1004 3639 .
1033 3627 1038 3639 .
1067 3627 1073 3637 .
1103 3628 1108 3637 .
1137 3627 1143 3637 .
1169 3624 1177 3637 .
1199 3586 1266 3649 XIV,
1286 3585 1336 3637 221

301 3650 384 3705 Beroe
402 3652 505 3720 colligis
517 3653 578 3705 hine
593 3662 618 3705 et
632 3656 693 3706 hine
708 3656 815 3723 capillos
827 3694 1178 3709 ...........
1249 3656 1282 3718 Χ,
1300 3654 1345 3708 83.

301 3725 404 3775 Raucae
420 3723 515 3773 rhortie
530 3738 591 3775 eree
610 3734 635 3775 el
653 3739 702 3776 ova
719 3735 828 3777 matrum
998 3764 1005 3779 .
1033 3764 1040 3779 .
1068 3764 1074 3776 .
1103 3765 1109 3777 .
1138 3762 1143 3775 .
1171 3764 1178 3775 .
1233 3725 1288 3786 Vll,
1302 3723 1345 3776 31.

1074 3794 1139 3858 el*
