3434 4575
417 440 478 503 100
739 440 783 501 M.
803 440 895 501 VAL.
912 440 1138 502 MARTIALIS

501 593 578 652 Tam
593 611 656 651 non
670 589 775 650 Invida
788 597 913 670 tamque
927 590 1084 670 liberalis,

502 678 579 736 Tam
595 676 674 735 comi
687 681 775 754 patet
789 673 1013 754 hospitalitate.

501 759 619 821 Credas
634 757 757 819 Alcinoi
770 760 839 838 pios
854 758 1004 836 Penates,
1168 829 1170 834 ¹

457 845 561 908 sonat
574 845 649 903 laeti
664 841 755 902 modo
772 842 876 903 divitis
891 843 1059 903 Molorchi.

499 931 563 988 Vos
577 947 658 988 nunc
676 929 777 987 omnia
789 947 883 1006 parva
900 929 952 1005 qui
966 929 1099 1007 putatis,

501 1014 641 1073 Centeno
655 1010 793 1090 gelidum
806 1009 913 1088 ligone
930 1011 1029 1071 Tibur

501 1095 561 1159 Vel
575 1097 746 1156 Praeneste
762 1094 884 1155 domate
899 1093 1126 1175 pendulamque

501 1182 563 1242 Uni
578 1179 685 1240 dedite
701 1179 817 1240 Setiam
832 1176 957 1239 colono:

457 1265 576 1327 35Dum
592 1283 640 1324 me
655 1263 759 1323 iudice
773 1263 993 1344 praeferantur
1010 1267 1078 1327 istis

500 1347 557 1409 Iuli
571 1351 678 1427 iugera
690 1367 787 1427 pauca
800 1346 966 1409 Martialis.

891 1482 984 1544 LXV.

500 1592 596 1653 Oculo
612 1591 770 1653 Philaenis
784 1612 908 1673 semper
924 1593 1024 1654 altero
1039 1592 1152 1674 plorat.

501 1679 567 1754 Quo
582 1678 636 1737 fiat
649 1676 733 1737 istud
750 1679 900 1756 quaeritis
913 1676 1028 1737 modo⁴.²
1049 1676 1135 1738 lusca
1150 1683 1208 1740 est.

882 1809 991 1874 LXVI.

498 1928 599 2007 Egisti
614 1927 706 1986 vitam
722 1944 864 2005 semper,
886 1926 983 2004 Line,
1005 1925 1240 2006 municipalem,

544 2012 609 2088 Qua
624 2009 704 2069 nihil
721 2011 843 2069 omniuo
859 2009 950 2070 vilius
966 2028 1035 2070 esse
1050 2016 1165 2090 potest.

498 2096 603 2157 Idibus
619 2101 652 2154 et
665 2095 744 2153 raris
759 2092 864 2170 togula
881 2101 930 2154 est
943 2112 1070 2154 excussa
1085 2092 1233 2154 Kalendis

541 2179 636 2238 Duxit
650 2185 683 2238 et
698 2183 831 2237 aestates
847 2179 1003 2257 synthesis
1018 2198 1078 2237 una
1094 2178 1211 2239 decem.

478 2261 604 2325 5Saltus
619 2281 742 2342 aprum,
766 2281 889 2342 campus
905 2263 1046 2343 leporem
1060 2263 1119 2323 tibi
1134 2265 1217 2324 misit
1230 2264 1424 2348 iuemptum‚

543 2346 625 2407 Silva
641 2365 748 2423 graues
765 2346 875 2407 turdos
890 2348 1042 2426 exagitata
1057 2346 1153 2407 dedit.

502 2432 616 2510 Captus
631 2431 776 2490 flumineo
790 2429 931 2491 venit'de
945 2434 1066 2510 gurgite
1079 2433 1189 2512 piscis,

541 2514 623 2577 Vina
637 2517 733 2574 ruber
748 2514 830 2574 fudit
843 2535 905 2575 non
920 2517 1087 2594 peregrina
1102 2514 1205 2579 cadus.

499 2600 565 2659 Nec
579 2605 671 2659 tener
687 2597 831 2677 Argolica
844 2602 955 2659 missus
971 2599 1010 2659 de
1027 2606 1121 2678 gente
1136 2601 1298 2679 minister,

459 2694 493 2745 10
541 2681 604 2743 Sed
619 2685 708 2743 stetit
721 2682 831 2743 inculti
845 2685 962 2743 rustica
975 2685 1067 2744 turba
1080 2684 1158 2763 Ioci,

500 2768 601 2830 Vilica
614 2765 665 2827 vel
680 2765 750 2826 duri
766 2785 943 2848 compressa
957 2774 1006 2828 est
1020 2776 1116 2848 nupta
1131 2766 1250 2846 coloni,

541 2850 672 2911 Incaluit
688 2852 831 2930 quotiens
846 2853 949 2911 saucia
963 2871 1042 2912 vena
1056 2871 1152 2912 mero.

378 2946 380 2951 '
500 2935 565 2994 Nee
582 2937 689 2994 nocuit
702 2937 795 2994 tectis
808 2937 907 3013 Ignis,
929 2955 988 2996 nec
1005 2936 1103 2996 Sirius
1122 2938 1219 3015 agris,

542 3018 608 3077 Nec
623 3036 725 3077 mersa
740 3025 789 3078 est
806 3018 936 3098 pelago,
957 3039 1016 3079 nec
1035 3022 1105 3081 fluit
1121 3018 1184 3079 nlla
1199 3021 1287 3082 ratis.

460 3102 667 3182 15Supposita
681 3108 730 3161 cst
744 3101 858 3162 blando
874 3123 1030 3182 nunquam
1044 3105 1102 3165 tibi
1117 3110 1240 3164 tessera
1253 3105 1341 3184 talo,

541 3185 619 3247 Alea
636 3184 693 3245 sed
706 3204 818 3266 parcae
833 3185 900 3246 sola
913 3189 1003 3253 luere
1017 3206 1121 3248 nuces.

498 3272 572 3348 Dic,
594 3271 647 3332 ubi
664 3271 705 3331 sit
719 3269 862 3349 deciens,
884 3278 983 3347 mater
998 3270 1081 3351 quod
1096 3292 1185 3332 avara
1198 3270 1356 3352 reliquit?

540 3357 695 3434 Nusquam
711 3362 774 3415 est:
794 3356 899 3417 fecisti
913 3376 996 3434 rem,
1017 3357 1113 3435 Liue,
1136 3356 1311 3420 difficilem.

876 3491 996 3552 LXVII.
1079 3532 1083 3540 „

498 3603 679 3663 Praetorem
694 3622 813 3684 pauper
827 3588 951 3662 centum
966 3603 1113 3663 sestertia
1128 3604 1250 3666 Gaurus

541 3687 657 3748 Orabat
670 3707 744 3748 cana
759 3694 850 3748 notus
866 3687 1014 3767 amicitia,
