3434 4575
361 470 405 534 ⁸4
685 471 730 532 Μ.
744 472 836 534 vuL.
851 472 1078 533 MARTIALIS

447 624 523 700 Quia
539 623 629 683 aiccia
643 619 765 683 lascivit
779 625 865 703 aquis
881 631 914 683 et
927 627 964 684 ab
979 626 1109 686 aethere
1123 625 1233 690 ludit?

488 707 636 788 Suspicor
649 708 705 767 huo
718 710 807 787 pueri
823 709 966 769 Caesaris
978 728 1048 769 eoae
1062 711 1160 775 nivea.

856 841 908 902 lV.

446 937 535 1016 Quod
551 941 651 1000 siccae
666 936 790 998 redolet
803 936 893 1017 palus
905 937 1052 1017 lacunae,

447 1023 619 1084 Crudarum
633 1020 766 1082 nebulae
783 1020 867 1099 quod
881 1020 1078 1103 Albularum,

445 1107 588 1167 Piscinae
603 1113 692 1167 vetus
707 1125 780 1165 aura
795 1104 879 1182 qnod
892 1107 1045 1185 marinae,

447 1189 538 1267 Quod
551 1210 660 1270 pressa
674 1191 763 1270 piger
779 1189 884 1248 hircus
899 1191 932 1248 in
946 1189 1083 1270 capella,

427 1276 536 1335 bbassi
550 1274 709 1334 vardaicus
725 1272 808 1352 quod
823 1275 958 1350 evocati,

448 1358 538 1435 Quod
552 1359 601 1418 bis
616 1359 733 1417 murice
750 1355 848 1416 vellus
863 1359 1072 1436 inquinatum,
1125 1419 1128 1423 ,

447 1441 538 1519 Quod
552 1443 667 1502 ieiunia
682 1442 939 1519 sabbatariarnm,

446 1526 638 1586 Maestorum
653 1523 735 1604 quod
750 1522 905 1586 anhelitu·
920 1543 1060 1602 reorum,

446 1609 536 1686 Quod
550 1627 680 1690 spurcae
694 1610 829 1668 moriens
844 1608 972 1668 lucerna
985 1608 1105 1688 Ledae,

403 1694 533 1771 loQuod
548 1699 702 1755 ceromata
715 1694 804 1753 faece
820 1692 859 1752 de
875 1692 1003 1769 Sabina,

447 1777 537 1855 Quod
552 1777 652 1859 volpis
666 1779 756 1856 fuga,
775 1779 805 1837 vi
829 1795 902 1836 erae
918 1774 1037 1853 cubile,

446 1861 575 1924 Mallem
591 1882 679 1941 quam
698 1860 780 1941 quod
795 1796 863 1921 oles
877 1859 980 1937 olere,
1003 1861 1104 1920 Bassa.

861 1995 899 2058 V.

447 2095 505 2157 Vir
520 2096 619 2154 bonus
635 2099 668 2153 et
681 2112 799 2173 pauper
813 2091 979 2172 linguaque
994 2099 1026 2153 et
1040 2098 1170 2173 pectore
1184 2114 1298 2180 verus,

490 2177 572 2254 Quid
587 2178 646 2236 tibi
658 2178 723 2255 vis,
745 2179 853 2236 urbem
870 2178 937 2256 qni,
958 2177 1111 2254 Fabiano,
1133 2181 1240 2257 petia?

445 2260 505 2337 Qui
520 2280 578 2323 nec
596 2259 670 2321 leno
684 2265 775 2341 potes
790 2279 848 2321 nec
864 2263 1043 2336 comissator
1057 2261 1183 2343 haberi,

488 2346 554 2405 Nec
568 2344 695 2426 pavidos
711 2346 795 2405 tristi
808 2364 885 2406 voce
899 2347 995 2406 citare
1010 2364 1099 2421 reos;

377 2497 382 2508 ,
424 2427 512 2491 §Nec
525 2436 617 2509 potes
630 2448 758 2489 uxorem
773 2431 836 2490 cari
852 2430 1173 2511 corrumperemini,
1195 2492 1196 2496 ,

487 2514 553 2573 Nec
567 2520 658 2594 potes
674 2511 814 2591 algentes
829 2515 968 2593 arrigere
982 2513 1021 2573 ad
1036 2513 1172 2593 vetulas,

445 2596 594 2660 Vendere
608 2616 668 2658 nec
681 2616 773 2658 vanos
793 2600 908 2658 circum
922 2596 1041 2658 Palatia
1054 2599 1171 2675 fumos,

398 2705 401 2714 ·
486 2679 642 2743 Plaudere
656 2700 715 2742 nec
731 2682 830 2760 Cano,
851 2680 1003 2762 plaudere
1017 2700 1076 2744 nec
1092 2679 1264 2764 Glaphyro.

444 2764 536 2826 Unde
551 2768 646 2827 miser
660 2766 766 2826 vives?
795 2767 917 2844 „Homo
934 2773 1053 2843 certus,
1076 2766 1157 2827 fidus
1172 2769 1327 2831 amicus—

404 2858 439 2911 10
487 2849 556 2911 Hoc
570 2850 650 2910 nihil
666 2855 729 2910 est:
751 2869 904 2929 nunquam
923 2852 968 2912 sic
982 2848 1175 2913 Philomelus
1191 2852 1263 2915 eris.

853 2984 905 3046 Vl.

447 3095 543 3156 credi
558 3098 678 3175 virgine
695 3099 807 3158 castior
821 3098 932 3178 pudica

444 3181 487 3241 Et
503 3181 618 3241 frontis
632 3186 760 3241 tenerae
775 3183 861 3260 cupio
873 3180 991 3260 videri,

448 3265 525 3325 Cum
541 3266 582 3325 sis
596 3265 783 3345 improbior,
805 3260 988 3342 Malisiane,

447 3350 542 3426 Quam
559 3351 612 3428 qni
626 3350 812 3429 compositos
826 3355 926 3408 metro
944 3346 1065 3408 Tibulli

424 3433 482 3494 oln
495 3431 615 3495 Stellae
631 3435 744 3494 recitat
758 3432 848 3493 domo
861 3429 998 3493 libellos.

843 3548 908 3610 Vll

446 3644 509 3705 Cur
523 3646 602 3706 here
617 3644 699 3723 quod
715 3644 867 3723 dederas,
886 3645 997 3723 hodie,
1019 3665 1097 3724 puer
1108 3642 1223 3725 Hylle,
1245 3648 1381 3727 negasti,

486 3728 587 3789 Durus
602 3737 663 3790 tam
681 3731 801 3810 subito,
824 3732 877 3809 qni
892 3728 983 3791 modo
998 3731 1081 3789 mitis
1096 3731 1188 3790 eras?
