3434 4575
375 483 414 545 38
726 493 762 542 n.
785 494 857 542 run.
877 492 1066 543 muranum

376 634 483 695 Oscula
508 633 657 694 delectent
679 642 708 693 et
729 633 899 713 desperatio
923 632 1042 707 barbae,

374 719 412 780 lat
435 718 513 798 qood
536 718 671 780 abortivo
696 727 822 779 nonest
846 735 931 797 opus.
967 718 1022 778 llla
1047 719 1182 798 voluptas

374 805 489 865 Summa
512 812 622 878 tamen,
646 804 722 883 quod
745 806 801 864 iam
823 802 917 864 calida
939 812 1048 863 matura
1073 804 1188 863 iuventa

374 888 493 967 Inguina
522 889 670 948 traduntur
692 888 829 965 medicis,
851 886 907 948 iam
930 887 1047 965 pectine
1070 889 1165 965 nigro.
1318 898 1368 953 370

374 972 454 1052 Ergo
477 982 667 1053 exspectatos
693 991 728 1033 ac
750 973 847 1032 iussos
872 990 1011 1032 crescere
1034 974 1154 1051 primum

374 1057 557 1134 leunculos,
581 1067 735 1136 postquam
758 1066 920 1136 coeperunt
942 1075 1010 1116 esse
1030 1056 1162 1134 bilibres,

375 1142 515 1203 Tonsoris
535 1143 638 1202 damno
661 1151 768 1202 tantum
791 1144 867 1220 rapit
889 1140 1076 1201 Heliodorus.

375 1224 559 1306 Conspicuus
585 1227 675 1305 louge
699 1228 869 1305 cunctisque
893 1226 1029 1286 notabilis
1052 1228 1138 1287 intrat

375 1311 501 1387 Balnea,
525 1329 580 1370 nec
602 1310 690 1371 dubie
715 1310 866 1371 custodem
888 1311 956 1370 uitis
979 1320 1009 1370 et
1030 1311 1107 1371 horti
1317 1319 1368 1375 ³75

375 1397 535 1472 Provocat,
559 1414 576 1455 a
599 1396 712 1456 domina
734 1396 829 1456 iactus
852 1394 955 1474 spado.
991 1394 1122 1456 Dormiat
1146 1396 1195 1456 ille

375 1478 446 1540 Cum
469 1480 598 1541 domina:
623 1481 675 1540 sed
700 1489 729 1540 tu
751 1482 807 1539 iarn
829 1479 946 1557 durum,
972 1480 1124 1557 Postume,
1150 1482 1264 1558 iamque

374 1564 562 1625 'laudandum
588 1563 721 1626 eunucho
746 1564 890 1624 Bromium
915 1566 1097 1625 committere
1121 1565 1190 1624 noli.

417 1651 448 1710 Si
472 1650 580 1727 gaudet
603 1658 704 1726 cantu,
728 1649 835 1709 nullius
857 1649 946 1710 libolo
969 1649 1053 1710 durat

375 1734 485 1795 Vocem
506 1733 659 1794 vendentis
682 1733 885 1813 praetoribus;
908 1751 1018 1813 organa
1041 1753 1157 1814 semper
1317 1743 1368 1799 380

374 1819 406 1880 ln
430 1818 577 1887 manibus;
603 1819 686 1880 densi
710 1818 822 1879 radiant
846 1820 993 1879 testudine
1019 1829 1079 1880 tota

375 1903 598 1980 sardonyches:
623 1905 721 1983 crispo
747 1913 933 1964 numerantur
956 1905 1074 1982 pectine
1097 1904 1240 1981 chordae,

375 1989 441 2063 Quo
464 1999 547 2050 tener
568 1987 746 2064 Hedymeles
770 2005 878 2066 operas
899 1989 996 2050 dedit:
1020 1990 1096 2049 hunc
1119 1997 1215 2064 tenet,
1241 1989 1299 2048 lroc
1320 2007 1352 2047 se

375 2073 495 2135 Solatur
518 2082 663 2152 gratoque
688 2072 819 2150 indulget
841 2072 922 2132 basia
950 2074 1076 2152 plectro.

376 2159 524 2232 Quaedam
550 2157 587 2218 de
612 2175 733 2217 numero
758 2155 916 2217 Lamiarum
942 2177 977 2217 ac
1000 2159 1122 2217 nominis
1148 2157 1215 2217 Aeli
1317 2167 1368 2222 385

376 2242 413 2304 Et
435 2244 513 2303 iarre
537 2252 566 2302 et
588 2243 654 2302 uino
677 2241 774 2303 lanum
795 2240 975 2322 Vestamque
998 2242 1133 2321 rogabat,

375 2329 421 2388 An
446 2326 638 2406 Capitolinam
662 2327 785 2388 deberet
806 2325 902 2386 Pollio
926 2345 1065 2405 quercum

376 2415 505 2492 Sperare
528 2422 558 2471 et
580 2412 683 2472 lidibus
706 2412 887 2491 promittere.
923 2410 998 2485 Quid
1022 2412 1135 2472 iaceret
1157 2411 1222 2491 plus

376 2498 557 2575 Aegrotante
579 2493 665 2556 viro?
689 2496 810 2557 medicis
834 2496 902 2576 quid
926 2497 1055 2557 tristibus
1081 2514 1150 2574 erga

376 2578 531 2641 Filiolam?
557 2582 636 2641 stetit
658 2591 725 2641 ante
746 2599 841 2658 aram,
866 2599 921 2642 nec
942 2591 1026 2661 turpe
1049 2583 1158 2661 putavit
1319 2591 1370 2645 ³90

376 2666 432 2726 Pro
457 2665 567 2727 cithara
591 2664 692 2726 velare
715 2675 818 2746 caput,
843 2666 1010 2746 dictataque
1033 2665 1125 2725 uerba

376 2750 512 2826 Pertulit,
537 2759 567 2810 ut
588 2766 651 2810 mos
677 2761 739 2827 est,
765 2760 794 2812 ct
817 2761 920 2830 aperta
944 2751 1045 2830 palluit
1067 2768 1151 2828 agna.

376 2834 432 2895 Dic
451 2834 519 2895 mihi
541 2852 633 2912 nunc,
657 2853 788 2915 quaeso,
816 2837 880 2912 dic,
903 2838 1102 2916 antiquissime
1123 2834 1228 2911 diutim,

377 2918 552 2997 Respondes
574 2918 636 2996 lris,
659 2918 728 2980 lane
751 2918 856 3001 pater?
882 2939 985 2999 magna
1008 2921 1066 2980 otia
1092 2919 1184 2987 coeli;

377 3002 443 3063 Non
464 3012 525 3079 est,
550 3004 627 3083 quod
648 3004 752 3082 video,
771 3021 829 3065 non
848 3014 895 3065 est
916 3005 993 3084 quod
1012 3013 1116 3082 agatur
1134 3004 1209 3082 apud
1230 3006 1299 3065 vos!
1320 3016 1370 3070 39⁵

377 3087 457 3149 llaec
480 3088 515 3147 de
539 3086 688 3148 comoedis
712 3099 740 3149 te
765 3089 904 3157 consulit;
928 3089 977 3149 illa
999 3087 1170 3166 tragoedum

378 3171 589 3233 Commendare
614 3173 711 3233 volet:
739 3176 892 3235 varicosus
915 3173 964 3234 liet
983 3172 1140 3252 haruspex.

377 3258 437 3319 Sed
463 3266 560 3318 cantet
583 3257 695 3336 potius,
720 3276 803 3337 quam
828 3268 915 3318 totam
939 3258 1076 3337 pervolet
1097 3257 1197 3318 urbem

379 3342 481 3403 Audax
505 3351 535 3402 et
559 3349 662 3402 coetus
685 3346 780 3421 possit
803 3360 878 3421 quae
903 3343 983 3402 ierre
1006 3344 1132 3401 virorum

379 3424 509 3507 Cumque
531 3425 675 3505 paludatis
699 3425 820 3487 ducibus
844 3436 1001 3506 praesente
1025 3428 1127 3487 marito
1321 3439 1372 3493 noo

378 3509 444 3590 lpsa
471 3512 551 3592 loqui
573 3520 656 3573 recta
680 3511 757 3572 facie
786 3512 933 3591 siccisque
956 3511 1099 3571 mamillis.

376 3595 459 3656 llaec
482 3594 584 3656 eadem
606 3597 701 3672 novit,
729 3596 796 3676 quid
819 3605 882 3656 toto
906 3595 954 3656 ilat
977 3597 1005 3655 in
1031 3594 1117 3664 orhe;

379 3678 453 3752 Quid
477 3681 583 3756 Seres,
613 3681 680 3759 quid
706 3680 836 3742 Thraces
860 3690 962 3759 agant:
986 3690 1101 3741 secreta
1125 3699 1272 3744 novercae

377 3762 415 3821 Et
440 3765 524 3843 pueri
533 3786 540 3833 ;
566 3766 632 3843 quis
655 3774 748 3843 amet,
773 3767 837 3847 quis
861 3764 1011 3845 diripiatur
1033 3765 1155 3829 adulter.
