3434 4575
375 490 423 534 XX
760 490 971 542 runculo,

371 650 427 689 suun
437 644 545 700 metuat,
558 651 587 693 an
599 637 623 693 id
637 637 818 694 fundamentum
829 638 920 711 eligat,
939 639 1008 693 cuius
1018 638 1090 692 mam
1101 637 1250 707 comrptelae
1262 652 1349 691 meran

372 721 538 791 antiquitatem
548 723 648 792 sapiant
659 738 706 776 uec
715 737 816 778 numeru
828 723 924 779 ibomm
934 737 979 778 nec
990 721 1090 776 blandae
1100 722 1189 792 speciei
1199 719 1299 775 concedi
1312 722 1352 775 de

371 803 420 867 bet
435 814 462 858 ut
471 805 589 877 singulari
602 807 674 861 huius
683 807 842 877 praestantiae
851 815 877 862 et
887 807 943 863 lidei
952 806 1109 877 praeferatur.
1140 807 1211 877 Atqui
1223 820 1274 859 rara
1286 805 1352 860 lune

288 913 290 917 ·
371 888 431 943 nelis
441 889 535 944 lurtum
550 891 640 946 iactum
660 901 708 955 est,
729 893 786 946 ntis
800 892 892 956 codex,
907 906 979 963 quern
994 890 1074 945 solum
1084 890 1130 944 hac
1141 891 1287 961 integritatis
1296 899 1353 944 nota

372 974 490 1027 excellere
500 975 564 1041 dixi,
583 992 614 1031 eu
625 975 729 1031 Budensi
741 976 854 1032 Matthiae
866 975 963 1032 Coruini
978 974 1123 1030 bibliotheca
1141 975 1250 1028 sublatus
1260 984 1353 1029 mature

372 1059 395 1111 iu
406 1058 470 1112 Petri
481 1058 573 1115 Pithnei
589 1076 675 1115 manus
685 1062 833 1131 perueniret,
852 1062 894 1133 qui
909 1060 1015 1116 eiusdem
1035 1073 1081 1129 ope
1099 1059 1123 1113 in
1134 1059 1238 1113 editione
1249 1058 1353 1113 Parisinu

373 1147 439 1199 1585
455 1150 542 1213 poetae
557 1145 630 1200 rerba
647 1146 680 1199 ita
697 1147 833 1210 recensuit,
851 1154 878 1199 ut
900 1145 971 1199 huius
994 1143 1140 1198 recensionis
1160 1143 1290 1198 aucteritas
1311 1158 1353 1213 per

370 1227 488 1282 ducentos
504 1230 605 1299 amplius
624 1246 699 1284 arruns
716 1231 765 1284 iere
783 1231 834 1284 sula
850 1232 875 1284 in
886 1229 997 1284 iuvenale
1014 1237 1125 1300 regnaret
1141 1243 1244 1298 cumque
1255 1228 1353 1282 internis

370 1311 467 1366 dotibus
476 1314 548 1368 etiam
560 1317 679 1386 vulgatae,
691 1330 752 1385 quae
762 1315 863 1378 dicitnr,
875 1315 941 1368 uelut
954 1313 1166 1384 praescriptionem
1180 1313 1353 1383 coniungeret:

371 1410 416 1449 nee
425 1396 505 1451 minus
519 1406 615 1469 gratum
626 1397 644 1454 1.
656 1402 685 1454 Α.
697 1398 804 1454 Crameri
815 1399 937 1453 inventum
950 1399 1002 1460 luit,
1014 1398 1053 1468 qui
1065 1397 1195 1451 eomudent
1206 1395 1353 1451 scholiorum

370 1481 490 1551 genuinae
510 1482 635 1537 uetustatis
645 1484 854 1538 commendatione
871 1483 1053 1553 praestantium,
1071 1497 1173 1553 quorum
1197 1490 1288 1550 partem
1306 1482 1353 1535 iarn

371 1564 490 1636 Georgius
497 1566 562 1622 Valla
573 1568 745 1623 commentario
755 1585 800 1623 suo
811 1568 895 1622 Venet.
910 1571 976 1624 1486
988 1568 1132 1630 inseruerat,
1149 1565 1255 1635 pleniora
1273 1573 1353 1619 autem

370 1663 400 1702 eu
415 1665 460 1703 suo
471 1651 554 1705 codice
567 1651 680 1706 Pithoeus
697 1653 846 1719 subiecerat,
866 1653 988 1723 integmm
999 1650 1122 1720 exemplar
1138 1665 1169 1704 ex
1179 1649 1237 1706 bibl.
1251 1649 1352 1721 Sangal-

369 1734 428 1788 lensi
440 1750 462 1789 a.
478 1740 544 1793 1823
554 1737 642 1797 edidit;
658 1739 721 1808 quod
733 1739 778 1792 nisi
788 1737 954 1808 intempestiva
966 1736 1105 1790 criticorum
1116 1733 1221 1788 sollertia
1233 1734 1278 1788 sub
1290 1734 1352 1789 idern

369 1826 464 1888 tempus
480 1835 555 1874 novas
572 1822 653 1876 turbas
671 1823 798 1884 mouisset,
816 1823 864 1875 iam
881 1830 933 1875 tum
946 1828 1011 1875 recta
1029 1820 1058 1874 ad
1076 1819 1210 1873 iuvenalem
1228 1819 1354 1873 emendate

368 1903 498 1975 legendum
510 1905 548 1959 uia
559 1907 662 1975 patehat.
692 1912 722 1961 nt
734 1908 797 1961 enim
808 1906 872 1977 quod
884 1921 956 1976 saepe
966 1921 1004 1960 res
1014 1904 1076 1959 bene
1087 1903 1230 1958 constitutas
1245 1911 1352 1958 euertere

368 1989 517 2058 experimur,
539 2000 565 2045 ut
582 1991 644 2046 mala
656 1991 780 2046 hominum
797 1992 926 2057 sedulitas,
944 1990 1002 2045 dnm
1013 1989 1086 2043 etiam
1098 1988 1209 2042 meliores
1222 1988 1300 2042 thcerc
1311 2002 1353 2043 cu·

367 2086 436 2142 prens
446 2075 551 2129 remedia
561 2077 732 2147 circumspicit,
744 2078 795 2145 ipsa
806 2076 893 2129 hnrum
904 2075 926 2127 ui
939 2075 1054 2128 obruutur
1065 2084 1089 2126 et
1100 2074 1197 2143 caliget,
1209 2073 1233 2125 in
1242 2071 1353 2126 iuvenale

367 2173 463 2229 quoque
474 2159 577 2221 accidit;
595 2161 664 2215 cuius
675 2176 749 2230 quum
761 2168 798 2213 tot
809 2160 906 2213 codices
916 2169 975 2228 quot
986 2159 1026 2211 viu
1039 2158 1110 2211 ullius
1122 2157 1218 2211 alterius
1229 2157 1352 2226 scriptoris

368 2260 391 2296 ru
409 2242 562 2298 bibliothecis
580 2253 719 2308 seruentur,
740 2244 825 2299 horum
844 2243 989 2297 lectionibus
1000 2242 1144 2314 colligendis
1155 2241 1352 2313 conducendisque

368 2326 510 2397 llupertius,
522 2328 681 2393 hclraintrius,
693 2328 858 2389 Heinrichius,
871 2330 928 2382 dum
940 2328 1059 2397 corruptis
1072 2327 1132 2381 locis
1141 2326 1259 2381 medelam
1271 2340 1353 2395 parare

367 2412 411 2466 sibi
422 2412 570 2475 videbantur,
582 2413 645 2468 haud
654 2428 709 2468 raro
719 2424 744 2468 et
755 2415 798 2483 ipsi
810 2429 882 2467 sanos
893 2422 1050 2482 corruperunt
1058 2420 1083 2465 et
1094 2411 1146 2466 aliis
1157 2420 1268 2465 auctores
1278 2411 1352 2465 exsti-

369 2504 463 2560 temnt,
476 2506 503 2551 nt
524 2506 564 2552 aut
576 2514 676 2552 numero
688 2500 786 2573 testium
798 2507 840 2552 aut
850 2514 896 2552 suo
910 2498 1070 2570 qualicunque
1081 2496 1169 2550 iudicio
1182 2496 1235 2549 [reti
1256 2511 1299 2564 pro
1317 2497 1351 2549 in-

367 2590 436 2652 tegra
455 2591 540 2651 poetae
557 2584 666 2638 oratioue
682 2598 735 2638 eant
752 2583 915 2647 venditarent,
933 2597 1005 2654 quam
1021 2597 1051 2635 ex
1069 2580 1193 2635 temeraria
1210 2580 1282 2635 medii
1301 2579 1352 2633 aeu‘

367 2665 551 2735 interpolatione
564 2667 669 2721 deterius
679 2668 795 2723 liltrncum
805 2676 884 2739 genus
896 2681 1027 2737 occupasse
1037 2666 1154 2726 uidinrus;
1166 2680 1310 2736 quamquam
1322 2679 1352 2719 nc

366 2750 413 2803 hoc
424 2750 520 2819 quidem
534 2751 558 2805 in
570 2766 661 2822 genere
672 2752 704 2807 ita
714 2752 761 2808 sibi
775 2752 948 2816 constiterunt,
961 2763 1002 2815 ut,
1013 2751 1077 2822 quod
1090 2750 1193 2821 aliquem
1204 2761 1271 2802 certe
1281 2764 1350 2802 usum

367 2834 527 2902 praebuisset,
548 2851 578 2889 eu
589 2851 678 2907 magna
689 2837 835 2891 deteriomm
846 2838 978 2891 lectionum
990 2836 1059 2905 copia
1070 2850 1124 2889 earn
1135 2833 1288 2903 potissimum
1301 2848 1352 2886 ver·

366 2919 451 2972 borum
463 2921 679 2975 enutbrmetionem
691 2923 828 2984 elllcereut,
845 2936 907 2992 quae
918 2920 1068 2990 corruptelae
1085 2927 1157 2989 caput
1169 2927 1193 2971 et
1205 2917 1259 2971 lons
1271 2917 1351 2971 haberi

366 3010 462 3071 posset,
478 3004 522 3058 scd
538 3019 587 3076 quo
605 3005 703 3075 propius
721 3022 749 3061 se
766 3006 861 3060 iliamm
881 3020 927 3075 ope
937 3005 967 3059 ad
983 3006 1033 3074 ipsa
1051 3013 1137 3073 poetae
1153 3001 1225 3056 uerba
1237 3002 1352 3056 accedere

261 3126 263 3129 -
364 3086 499 3156 sperabant,
511 3102 541 3143 eo
553 3089 670 3144 minorem
680 3106 751 3144 uerae
761 3091 911 3159 corruptelae
921 3090 1083 3160 suspicionem
1094 3086 1245 3142 adhibebant.
1265 3085 1352 3141 Fausto

365 3171 439 3243 igitur
456 3188 514 3228 casu
531 3175 642 3245 contigit,
655 3184 681 3227 ut
694 3173 776 3230 Ottoui
788 3174 878 3236 lahuio,
890 3189 962 3245 quem
974 3175 1021 3227 iam
1033 3174 1057 3226 in
1069 3172 1143 3226 Persii
1156 3171 1261 3225 editione
1271 3186 1352 3225 verant

364 3257 476 3312 codicum
483 3259 647 3314 conditionem
652 3274 712 3314 sano
722 3259 810 3313 iudicio
817 3258 968 3313 existimasse
977 3258 1035 3321 diui,
1043 3258 1162 3327 insperata
1174 3256 1248 3324 ipsius
1255 3254 1352 3310 Pithos

363 3343 401 3397 ani
413 3344 443 3398 ab
455 3345 551 3416 iutegm
567 3344 721 3414 comparandi
732 3344 828 3397 occasio
845 3342 984 3404 offerretur:
995 3356 1067 3413 quent
1078 3356 1153 3412 quum
1164 3340 1235 3394 etiarn
1248 3354 1269 3392 a.
1285 3342 1349 3395 1841

363 3436 485 3500 tamquam
501 3429 616 3483 amissum
633 3427 809 3497 deplorassem,
828 3442 887 3481 mox
909 3427 973 3481 lelici
990 3425 1095 3480 Dnbneri
1119 3423 1232 3479 industria
1249 3424 1273 3477 in
1291 3422 1349 3477 bibl.

364 3512 571 3584 unumpessutma
590 3513 730 3583 indagatum
747 3512 873 3581 doctisque
891 3510 975 3565 usibus
998 3510 1116 3563 redditum
1135 3524 1188 3564 esse
1200 3514 1351 3579 compernem

364 3605 415 3659 αις
425 3596 544 3670 huiusque
553 3597 661 3652 subsidio
672 3597 720 3651 iam
731 3597 764 3651 ita
775 3595 929 3652 emendatum
940 3595 1075 3649 iuvenalem
1088 3592 1169 3648 lahnio
1187 3592 1310 3652 dehemus
1324 3600 1349 3644 ut

364 3682 453 3737 nullam
465 3697 580 3754 umquam
590 3683 720 3737 editionem
739 3690 824 3751 poetae
836 3695 934 3734 manum
946 3680 1039 3735 felicius
1051 3678 1197 3749 expressisse
1207 3687 1299 3731 certum
1311 3677 1350 3737 sit,

364 3779 410 3821 nee
424 3766 510 3839 siquis
525 3767 550 3823 in
567 3767 672 3839 ungulis
689 3766 787 3838 longius
802 3764 902 3834 procedi
913 3778 986 3835 posse
1002 3772 1084 3834 putet,
1103 3762 1172 3818 aliter
1187 3761 1235 3816 hoc
1247 3760 1350 3832 aggredi

363 3851 701 3922 boerumannttttnntn
721 3848 1036 3921 ipnPithceaullectioue
1057 3847 1094 3905 ret
1115 3845 1292 3917 interpretanda
1312 3844 1349 3900 rel
