3434 4575
535 483 877 545 EPIGRAMMATON
890 484 964 546 LlB.
980 484 1022 547 ix
1246 486 1310 550 22³

353 638 441 699 Nunc
454 638 531 696 mihi
546 635 613 715 dic,
636 638 703 715 quis
717 637 795 712 erit,
818 636 868 696 cui
882 641 932 713 te,
955 633 1128 718 Calocisse,
1152 636 1280 700 deorum

396 722 457 782 Sex
470 723 563 781 iubeo
579 722 706 799 cyathos
721 718 880 779 fundere?
906 719 1021 779 Caesar
1035 722 1106 785 erit.

332 805 465 868 oSutilis
481 810 605 885 aptetur
620 803 746 864 deciens
760 822 833 862 rosa
847 804 1000 881 crinibus,
1022 810 1057 864 ut
1071 805 1112 865 rit

396 891 455 965 Qui
467 890 571 969 posuit
586 906 692 947 sacrae
706 885 813 947 nobile
827 888 929 965 gentis
944 906 1029 967 opus.

352 974 441 1035 Nunc
455 974 503 1032 bis
519 973 610 1049 quina
624 972 699 1030 mihi
715 970 753 1030 da
767 972 868 1047 basia,
887 970 942 1029 fiat
955 976 990 1031 ut
1003 969 1081 1031 illud

395 1057 531 1133 Nomen,
553 1057 591 1115 ab
609 1053 743 1133 Odrysio
759 1052 841 1132 quod
856 1053 933 1113 deus
949 1055 1025 1114 orbe
1040 1054 1120 1116 tulit.

736 1188 843 1250 xciv.

353 1302 522 1366 Sardonica
535 1303 685 1365 medicata
701 1303 789 1364 dedit
802 1305 877 1364 mihi
890 1302 1002 1383 pocula
1015 1306 1117 1383 virga:

396 1389 438 1449 Os
453 1389 599 1448 hominis!
622 1387 753 1448 mulsum
767 1406 815 1447 me
831 1394 920 1466 rogat
934 1388 1150 1468 Hippocrates.

354 1474 432 1532 'l'am
446 1470 587 1551 stupidus
602 1491 756 1551 nunquam
771 1490 830 1531 nec
843 1476 894 1548 tu,
914 1481 1006 1551 puto,
1028 1469 1162 1551 Glauce,
1184 1471 1287 1551 fuisti,

395 1553 530 1617 Chalcea
546 1555 672 1616 donanti
687 1556 809 1635 chrysia
825 1556 877 1633 qui
892 1553 1033 1615 dederas.

329 1641 450 1702 oliulce
467 1638 578 1718 aliquis
592 1659 700 1700 munus
714 1659 771 1719 pro
786 1655 915 1698 munere
930 1640 1031 1718 poscit
1046 1639 1171 1698 amaro?

393 1726 551 1803 Accipiat,
573 1722 629 1783 sed
645 1726 671 1784 si
685 1728 773 1803 potat
786 1724 820 1781 in
835 1719 985 1783 elleboro.

739 1856 835 1918 XCV.

353 1968 486 2050 Alphius
500 1976 572 2031 ante
586 1971 661 2048 fuit,
684 1971 788 2050 coepit
801 1989 883 2029 nunc
897 1966 1029 2049 Olphius
1044 1986 1130 2045 esse,

394 2054 527 2115 Uxorem
542 2062 703 2136 postquam
719 2053 806 2114 duxit
818 2054 1041 2131 Athenagoras.

726 2189 864 2253 XCVb.'
901 2242 905 2250 .

351 2303 469 2361 Nomen
484 2301 701 2380 Athenagorae
716 2303 855 2380 quaeris,
878 2299 1073 2369 Callistrato,
1093 2295 1223 2358 verum?

394 2385 427 2442 Si
441 2385 522 2459 scio,
545 2383 734 2462 dispeream,
750 2388 818 2463 quis
832 2388 874 2445 sit
888 2385 1110 2462 Athenagoras.

309 2466 397 2528 58ed
410 2471 484 2545 puta
498 2483 548 2524 me
562 2483 683 2543 verum,
704 2468 899 2544 Callistrato,
920 2469 1026 2528 dicere
1041 2484 1167 2526 nomen:

394 2550 462 2610 Non
475 2566 550 2626 ego,
572 2548 628 2606 sed
644 2554 748 2609 vester
762 2556 873 2629 peccat
886 2550 1108 2627 Athenagoras.

709 2770 713 2789 γ
733 2698 838 2760 xcvi.

353 2811 491 2874 clinicus
505 2812 650 2874 Herodes
664 2808 789 2872 trullam
804 2807 993 2869 subduxerat
1001 2824 1115 2886 aegro:

391 2897 570 2978 Deprensus
586 2897 664 2958 dixit
677 2892 817 2973 „Stulte,
840 2890 915 2972 quid
929 2908 1004 2970 ergo
1017 2890 1142 2951 bibis't“

729 3027 850 3089 xcvii.

349 3142 511 3225 Rumpitur
524 3142 639 3204 invidia
652 3140 790 3222 quidam,
813 3142 970 3201 carissime
985 3142 1059 3218 luli,

392 3227 481 3302 Quod
494 3247 543 3287 me
558 3229 655 3287 Roma
666 3226 761 3305 legit,
782 3227 936 3305 rumpitur
949 3225 1072 3285 invidia.

349 3309 512 3390 Rumpitur
525 3311 656 3387 invidia,
676 3309 761 3390 'quod
775 3312 866 3370 turba
881 3327 1004 3389 semper
1017 3310 1051 3368 in
1066 3308 1148 3367 omni

392 3395 601 3453 Monstramur
617 3394 729 3471 digito,
751 3396 904 3473 rumpitur
918 3391 1041 3456 invidia.

328 3477 516 3556 5Rumpitur
530 3476 659 3550 invidia,
680 3479 791 3537 tribuit
806 3476 889 3556 quod
903 3478 1017 3537 Caesar
1032 3482 1164 3553 uterque

390 3562 439 3620 lus
454 3562 528 3619 mihi
544 3567 700 3638 natorum,
721 3562 875 3640 rumpitur
888 3560 1010 3621 invidia.

348 3645 511 3725 Rumpitur
525 3643 657 3720 invidia,
680 3643 762 3721 quod
777 3664 829 3704 rus
841 3645 918 3704 mihi
933 3643 1023 3703 dulce
1038 3643 1093 3702 sub
1108 3642 1186 3701 urbe
1204 3650 1252 3700 est

389 3730 548 3808 Parvaque
563 3730 595 3787 in
610 3730 687 3789 urbe
703 3726 825 3807 domus,
846 3729 1001 3807 rumpitur
1013 3725 1139 3787 invidia.
