3434 4575
252 273 500 326 nnr-
770 273 775 282 .

728 559 855 608 suarna
877 563 935 609 xv.
1285 555 1328 616 aa

333 700 492 780 Numquam
514 701 590 761 aliud
615 710 734 777 natura,
758 700 836 762 aliud
861 703 1003 780 sapientia
1027 705 1105 765 dicit.

332 784 460 847 Acribus
482 785 628 864 exemplis
650 786 756 845 videor
777 795 807 846 tc
833 785 995 848 claudere?
1015 789 1107 849 misce
1192 854 1197 861 ,

332 870 414 944 Ergo
438 869 547 949 aliquid
569 870 678 929 nostris
701 870 738 930 de
761 869 907 946 moribus,
931 872 1018 932 effice
1042 892 1190 950 summam,

332 955 382 1014 llis
404 963 519 1032 septem
543 954 693 1014 ordinibus
717 973 802 1033 quam
827 954 878 1014 lex
900 954 1034 1033 dignatur
1056 954 1188 1018 Othonis.

332 1039 414 1099 llaec
438 1057 556 1118 qnoque
578 1041 603 1097 si
623 1056 723 1115 rugam
746 1038 833 1098 trahit
855 1041 1047 1120 extenditque
1069 1040 1218 1121 labellum,
1278 1054 1331 1109 325

332 1125 422 1183 Sume
452 1124 525 1183 dnos
549 1124 681 1201 equites,
706 1124 753 1183 iac
777 1124 862 1183 tertia
886 1125 1107 1203 quadringenta.

332 1209 365 1266 Si
387 1207 513 1267 nondum
532 1208 652 1287 implevi
674 1208 832 1284 gremium,
860 1208 885 1266 si
909 1209 1043 1288 panditur
1065 1209 1151 1285 ultra,

333 1291 399 1351 Nec
422 1289 528 1352 croesi
552 1293 666 1351 iortuna
691 1310 823 1370 umquam
851 1310 907 1352 nec
929 1293 1049 1355 Persica
1072 1312 1164 1372 regna

333 1377 486 1437 Sufficient
508 1379 603 1437 animo
625 1394 682 1434 nec
705 1376 822 1436 divitiae
846 1375 988 1453 Narcissi,

333 1459 455 1520 Indulsit
477 1459 589 1522 Cacsar
613 1462 658 1520 cni
684 1459 824 1521 Claudius
847 1462 959 1537 omnia,
983 1463 1064 1522 cuius
1281 1473 1334 1528 330

333 1544 431 1604 Paruit
455 1547 584 1623 imperiis
607 1563 728 1605 uxorem
755 1544 896 1605 occidere
918 1547 1024 1608 iussus.

666 1817 901 1882 SATIRA
930 1817 1006 1882 XV.

333 1917 413 2022 linis
437 1952 548 2024 nescit,
575 1950 680 2010 Volusi
703 1949 874 2025 Bithynice,
898 1949 995 2029 qualia
1020 1951 1140 2011 demens

333 2037 490 2113 Aegyptus
511 2044 646 2113 portenta
670 2033 770 2094 colati
795 2034 968 2093 crocodilon
990 2035 1093 2095 adorat

334 2121 404 2181 Pars
427 2120 519 2195 haec,
543 2120 592 2179 illa
616 2129 704 2197 pavet
725 2129 849 2179 saturam
871 2119 1059 2192 serpentibus
1082 2117 1149 2178 ibin.

333 2204 459 2282 Elligies
483 2205 560 2263 sacri
583 2206 655 2263 nitet
677 2222 767 2264 aurea
789 2202 1002 2281 cercopitheci,

332 2289 460 2350 Dimidio
484 2291 617 2366 magicae
644 2298 781 2349 resonant
805 2286 853 2348 ubi
876 2286 1031 2349 Memnone
1056 2287 1185 2350 chordae
1315 2294 1333 2352 5

334 2375 433 2454 Atque
456 2383 540 2432 vetus
566 2373 667 2433 Thebe
694 2385 807 2435 centum
832 2375 910 2433 iacet
934 2372 1037 2433 obruta
1061 2373 1164 2452 portis.

333 2458 399 2519 lllic
422 2458 558 2532 aeluros,
583 2458 631 2517 hic
653 2459 764 2536 piscem
789 2458 929 2533 lluminis,
955 2458 1015 2517 illic

334 2542 451 2621 Oppida
473 2551 533 2602 tota
559 2561 660 2603 canem
684 2553 877 2619 venerantur,
902 2558 987 2601 nemo
1010 2542 1140 2602 Dianam.

333 2626 453 2686 Porrum
478 2636 507 2685 et
527 2645 621 2705 caepe
640 2627 723 2686 nelas
745 2628 861 2687 violare
883 2635 912 2687 et
930 2627 1068 2703 frangere
1093 2644 1208 2687 morsu:
1321 2672 1322 2678 κ

334 2711 359 2769 {l
384 2719 500 2771 sanctas
523 2721 646 2788 gentes,
672 2712 776 2791 quibus
797 2711 873 2772 lraec
895 2719 1052 2770 nascuntur
1073 2711 1100 2768 in
1124 2710 1216 2772 bortis
1299 2723 1332 2774 lo

333 2794 471 2855 Numina!
507 2794 622 2855 lanatis
646 2795 815 2855 animalibus
836 2788 1078 2856 abstinet'omnis

335 2880 453 2953 Mensa,
478 2880 561 2939 neias
584 2880 645 2939 illic
668 2881 756 2940 letum
779 2880 913 2956 iugulare
936 2878 1088 2957 capellae:

335 2963 478 3024 Carnibus
505 2963 633 3024 humanis
656 2966 738 3024 vesci
762 2964 842 3024 licet.
876 2963 1008 3023 Attonito
1028 2982 1114 3044 quum

335 3047 406 3110 'l’ale
431 3067 522 3127 super
544 3066 666 3108 coenam
691 3047 804 3108 lacinus
825 3056 956 3107 narraret
976 3047 1080 3108 Ulixes

334 3132 478 3208 Alcinoo,
505 3131 593 3192 bilem
616 3144 663 3191 ant
682 3135 770 3193 risum
794 3133 920 3192 tortasse
945 3132 1116 3198 quibusdam
1299 3136 1331 3188 lt

333 3216 483 3291 Moverat,
507 3226 537 3276 nt
558 3218 683 3277 mendax
704 3217 888 3294 aretalogus:
919 3216 950 3275 ln
973 3236 1052 3277 mare
1075 3233 1161 3277 nemo

333 3300 416 3361 Hunc
441 3301 548 3377 abicit,
571 3319 660 3361 saeva
684 3302 799 3379 dignum
822 3320 953 3381 veraque
974 3299 1153 3377 Charybdi,

333 3384 505 3463 lingentem
527 3388 665 3446 immanes
687 3385 905 3463 Laestrygonas
927 3395 1015 3464 atque
1037 3380 1209 3463 Cyclopas?

334 3470 405 3530 Nam
429 3472 512 3529 citius
536 3471 666 3546 Scyllam
688 3471 738 3531 rel
761 3472 965 3531 concurrentia
989 3488 1059 3529 saxa

335 3552 462 3630 Cyaneis
485 3556 590 3633 plenos
616 3566 645 3615 et
666 3556 889 3633 tempestatibus
912 3565 993 3613 utres
1295 3561 1331 3617 20

333 3636 515 3699 Crediderim
543 3650 591 3699 aut
612 3640 690 3700 tenui
714 3658 886 3718 percussum
908 3637 1036 3698 verbere
1059 3634 1161 3699 circes

333 3722 370 3783 llt
395 3741 458 3783 cum
475 3724 634 3800 remigibus
657 3725 811 3802 grunnisse
834 3722 985 3803 Elpenora
1008 3722 1123 3800 porcis:

333 3806 404 3869 l'arn
427 3809 510 3869 vacui
535 3810 638 3888 capitis
662 3809 800 3888 populun
820 3806 954 3868 Phafflssi
978 3802 1172 3949 lumin?
