3434 4575
427 435 466 494 40
767 441 803 489 n.
828 440 900 490 run.
928 439 1117 488 insunuans

426 586 488 648 llna
511 584 655 645 laboranti
677 583 786 662 poterit
808 599 983 642 succurrere
1007 580 1104 642 lunae.

425 670 550 748 Imponit
574 668 660 728 linem
683 668 801 747 sapiens
826 675 856 727 et
878 666 967 728 rebus
990 666 1136 732 honestis:

425 754 497 815 Nam
521 771 596 833 quae
621 751 707 813 docta
730 753 813 812 nimis
836 752 918 831 cupit
939 760 968 811 et
990 749 1114 811 facunda
1137 748 1242 826 videri,
1372 759 1422 811 445

427 838 520 899 Crure
541 846 625 897 tenus
649 836 746 897 medio
769 836 883 897 tunicas
904 837 1081 914 succingere
1106 834 1206 912 debet,

426 921 560 985 Caedere
580 921 702 995 vSilvano
725 939 864 1001 porcum,
887 921 1047 1000 quadrante
1071 920 1172 981 lavari.

426 1008 489 1068 Non
512 1006 619 1067 habeat
640 1015 788 1082 matrona,
813 1005 865 1066 tibi
888 1025 964 1085 quae
987 1007 1083 1066 iuncta
1107 1003 1260 1079 recumbit,

425 1092 547 1153 lliccndi
569 1109 680 1170 genus,
705 1101 753 1151 aut
776 1109 895 1151 currum
918 1109 1054 1152 sermone
1077 1097 1172 1150 rotato

426 1177 574 1256 Torqueat
599 1175 798 1252 enthymema,
823 1194 881 1236 nec
904 1175 1041 1236 historias
1064 1176 1136 1236 sciat
1159 1190 1276 1233 omnes:
1374 1182 1425 1232 450

425 1262 484 1323 Sed
509 1261 651 1342 quaedam
674 1279 711 1320 ex
734 1260 816 1321 libris
842 1270 871 1321 et
892 1277 951 1320 non
973 1259 1135 1335 intellegat.
1162 1257 1215 1317 Odi

426 1347 505 1408 llanc
528 1363 604 1424 ego,
629 1363 705 1423 quae
728 1346 837 1425 repetit
860 1345 1012 1425 volvitque
1038 1345 1220 1405 Palaemonis
1245 1352 1347 1415 artem,

425 1433 547 1494 Servata
572 1447 689 1509 semper
712 1431 780 1509 lege
805 1439 834 1490 et
858 1431 970 1490 ratione
996 1430 1146 1509 loquendi,

424 1516 606 1594 ignotosque
630 1514 698 1574 milri
721 1525 802 1576 tenet
825 1515 984 1594 antiquaria
1008 1532 1124 1588 versus,

425 1599 492 1662 Nec
520 1598 647 1659 curanda
667 1598 738 1660 viris
763 1602 870 1679 opicae
899 1602 1023 1678 castigat
1049 1600 1162 1660 amicae
1373 1605 1423 1658 455

425 1684 539 1746 Verba:
567 1684 774 1746 soloecismum
796 1684 887 1746 liceat
909 1684 1019 1746 iecisse
1041 1684 1153 1745 marito.

467 1768 513 1830 Nil
536 1785 593 1828 non
616 1771 755 1848 permittit
777 1770 882 1831 mulier
904 1769 977 1846 sibi,
1003 1780 1088 1848 turpe
1114 1777 1193 1847 putat
1219 1767 1268 1838 nil,

427 1855 519 1930 Quum
540 1854 650 1914 virides
672 1873 804 1932 gemmas
829 1854 908 1916 collo
935 1853 1124 1915 circumdedit
1149 1862 1178 1913 et
1204 1870 1288 1931 quum

426 1939 552 2000 Auribus
578 1943 709 2000 extensis
731 1955 852 2018 magnos
878 1940 1021 2000 commisit
1045 1937 1198 1999 elenchos.

426 2022 641 2085 intolerabilius
666 2024 736 2085 nihil
764 2035 824 2101 est,
851 2043 934 2102 quam
959 2024 1064 2084 lamina
1087 2024 1180 2084 dives.
1373 2029 1424 2082 400

426 2109 539 2170 luterea
563 2107 651 2169 foeda
674 2119 796 2189 aspectu
820 2108 1000 2187 ridendaque
1022 2107 1111 2168 multo

425 2192 504 2254 Pane
529 2202 618 2253 tumet
641 2192 735 2253 iacies
757 2201 805 2253 ant
829 2193 947 2272 pinguia
971 2192 1148 2271 Poppaeana

426 2278 540 2358 Spirat,
564 2287 593 2338 et
615 2276 682 2339 hinc
704 2277 802 2339 miseri
823 2278 971 2338 viscantur
995 2275 1075 2339 labra
1098 2277 1208 2337 mariti:
1247 2278 1250 2282 ’

426 2362 471 2423 Ad
493 2362 646 2423 moechum
665 2364 725 2424 lota
746 2363 865 2423 veniunt
886 2372 962 2424 cute.
996 2362 1116 2437 Quando
1137 2362 1230 2421 videri

426 2447 494 2508 Vult
515 2446 644 2508 formosa
666 2445 766 2509 domii
798 2447 930 2510 moechis
955 2448 1056 2509 ioliata
1079 2456 1230 2526 parantur:
1372 2456 1423 2511 465

427 2532 476 2591 llis
499 2533 619 2608 entitur,
643 2533 780 2613 quidquid
805 2534 935 2612 graciles
958 2533 1014 2595 buc
1036 2532 1146 2594 mittitis
1168 2530 1240 2591 Indi.
1405 2594 1409 2598 ,

330 2618 332 2620 ’
425 2615 554 2678 Tandem
575 2618 670 2696 aperit
690 2618 799 2678 vultum
822 2628 851 2679 et
874 2620 999 2679 tectoria
1023 2618 1114 2697 prima
1136 2618 1268 2695 reponitr
1376 2686 1377 2689 Ἴ

425 2702 529 2780 Incipit
552 2702 690 2780 agnosci,
716 2712 803 2783 atque
827 2702 879 2764 illo
903 2703 980 2764 lacte
1006 2703 1133 2777 fovetur,

425 2785 551 2865 Propter
573 2786 650 2865 quod
669 2806 769 2848 secum
787 2790 910 2849 comites
931 2789 1029 2849 educit
1051 2787 1171 2861 asellas,

426 2869 502 2930 Exul
522 2869 748 2950 Hyperboreum
770 2875 795 2933 si
818 2874 975 2935 dimittatur
999 2873 1035 2934 ad
1058 2890 1151 2933 axem.
1373 2877 1424 2933 sto

426 2954 486 3016 Sed
512 2973 588 3035 quae
613 2958 729 3018 mutatis
752 2958 897 3019 inducitur
923 2968 1011 3038 atque
1035 2957 1151 3018 fovetur

427 3040 481 3100 'lot
503 3039 741 3103 medicaminibus
766 3054 929 3123 coctaeque
955 3044 1077 3121 siliginis
1101 3042 1175 3102 offas

429 3124 543 3204 Accipit
567 3134 596 3184 et
617 3127 769 3205 madidae,
795 3129 889 3189 iacies
912 3129 1026 3189 dicetur
1049 3145 1084 3187 an
1107 3123 1214 3187 ulcus?

469 3207 522 3269 Est
545 3214 668 3288 pretium
692 3230 781 3273 curae
804 3214 920 3291 penitus
946 3229 1148 3293 cognoscere,
1172 3221 1234 3270 toto

427 3293 502 3366 Quid
525 3294 632 3356 iaciant
653 3297 822 3377 agitentque
844 3298 902 3358 die.
941 3299 971 3358 Si
993 3306 1080 3357 nocte
1103 3298 1220 3356 niaritus
1372 3300 1423 3356 475

428 3380 558 3439 Aversus
580 3380 684 3457 iacuit,
708 3383 795 3460 periit
817 3382 952 3458 libraria,
977 3391 1087 3461 ponunt

428 3461 584 3525 Gosmetae
608 3468 737 3542 tunicas,
762 3466 844 3527 tarde
868 3467 986 3526 venisse
1010 3465 1150 3526 Liburnus

427 3548 538 3608 Dicitur
560 3560 589 3611 et
611 3568 723 3630 poenas
745 3550 833 3611 alieni
856 3551 987 3630 pendere
1013 3552 1104 3609 somni
1229 3609 1231 3613 Α

427 3629 564 3710 Cogitur:
594 3633 641 3694 hic
664 3634 771 3714 frangit
790 3635 916 3711 ferulas,
940 3634 1024 3695 rubet
1048 3636 1098 3695 ille
1121 3635 1252 3713 flagello,

427 3716 480 3778 llio
504 3719 628 3786 scutica:
652 3730 718 3779 sunt
740 3738 815 3801 quae
838 3720 997 3779 tortoribus
1020 3738 1113 3781 annua
1135 3730 1301 3801 praestent:
1369 3727 1423 3782 480
