3434 4575
544 441 884 504 EPIGRAMMATON
896 442 971 504 LlB.
987 443 1038 505 Vl.
1255 444 1317 509 135

401 597 443 656 Et
459 612 537 675 quae
553 594 706 674 Cecropio
724 601 828 654 munte
843 601 992 673 vagantur
1006 615 1097 677 apes,

336 682 508 758 5Quaeque
524 684 635 738 sonant
648 675 744 758 plenu
759 697 913 758 vocesque
929 699 1096 760 munusque
1112 683 1252 762 theatro,

402 764 479 824 Cum
493 762 624 843 pupulus
639 763 734 822 subiti
750 763 892 823 Caesaris
908 783 961 823 ora
974 763 1067 826 videt

358 846 437 908 Nolo
455 852 530 927 quot
545 852 652 924 argnto
670 844 758 905 dedit
773 854 899 906 exorata
914 845 1038 907 Catulle

401 931 528 994 Lesbia:
546 949 643 1011 pauca
657 931 759 1010 cupit,
783 931 835 1009 qui
849 950 1014 992 numerare
1028 938 1142 1012 potest.
1185 930 1186 933 ’

731 1097 857 1160 XXXV.

359 1227 486 1306 Septem
502 1223 683 1304 clepsydras
698 1243 806 1303 magna
821 1227 878 1286 tibi
891 1245 968 1287 vuce
983 1230 1104 1306 petenti

401 1310 529 1376 Arbiter
543 1311 673 1387 invitus,
696 1308 892 1387 caeciliane,
915 1308 1010 1372 dedit.

358 1396 399 1454 At
415 1392 558 1453 tumultu
573 1393 626 1453 diu
640 1393 727 1454 ducis
742 1393 913 1473 vitreisque
928 1401 1088 1474 tepentem

401 1477 551 1557 Ampullis
566 1483 655 1557 potas
669 1478 874 1557 semisupinus
890 1498 1006 1557 aquam.

331 1562 538 1623 unctantem
553 1563 647 1622 saties
660 1579 830 1641 vocemque
846 1563 990 1642 sitimque
1005 1583 1163 1646 rogamus,

398 1645 460 1707 lam
476 1646 515 1708 de
530 1643 710 1726 clepsydra,
732 1643 925 1725 caeciliane,
949 1647 1044 1709 bibas.

595 1805 598 1812 ’
723 1813 862 1875 XXXVI.

360 1948 503 2012 Mentula
518 1954 580 2008 tam
596 1966 705 2025 magna
719 1952 784 2024 est,
800 1951 931 2025 quantus
947 1946 1021 2024 tibi,
1042 1945 1164 2029 Papile,
1187 1966 1294 2028 nasus,

400 2035 444 2096 Ut
460 2033 577 2114 possis,
601 2031 744 2111 quotiens
762 2031 890 2109 arrigis,
913 2028 1059 2091 olfacere.

713 2197 865 2259 XXXVll.

355 2316 442 2376 Secti
457 2312 577 2393 pcdicis
591 2330 689 2391 usque
704 2310 742 2371 ad
757 2310 935 2372 umbilicum

355 2397 462 2459 Nullas
477 2396 635 2474 relliquias
650 2398 746 2456 babet
761 2396 930 2473 Charinus,

354 2484 396 2543 Et
410 2482 512 2562 prurit
526 2487 628 2540 tamen
642 2497 739 2559 usque
755 2480 794 2538 ad
807 2479 992 2540 umbilicum.

356 2566 384 2627 0
399 2571 512 2646 quanta
528 2565 631 2623 scabie
646 2564 741 2622 miser
754 2558 893 2622 laborat!

332 2650 467 2712 ficulnus
482 2649 668 2724 nonhabet,
691 2653 740 2706 est
756 2651 859 2705 tamen
875 2644 1029 2706 cinaedus.

711 2813 876 2875 XXXVlll.

356 2930 494 3009 Aspicis,
515 2935 550 2989 ut
562 2950 690 3010 parvus,
711 2947 770 2989 nec
785 2927 884 2989 adbuc
900 2927 1065 2989 trieteride
1080 2927 1173 3008 plena

397 3013 534 3093 Regulus
549 3013 685 3074 auditum
699 3010 808 3074 laudet
822 3019 855 3073 et
870 3014 938 3093 ipse
951 3013 1097 3093 patrem?

355 3098 578 3179 Maternosque
592 3099 676 3158 sinus
690 3099 755 3158 visu
769 3098 912 3177 geniture
926 3095 1083 3178 relinquat

397 3184 439 3243 Et
453 3184 568 3262 patrias
583 3179 692 3242 laudes
704 3183 819 3243 sentiat
832 3200 902 3243 esse
918 3181 1011 3242 suas?

332 3266 419 3326 ulam
434 3264 549 3326 clamor
565 3272 749 3345 centumque
762 3266 821 3326 viri
836 3265 1028 3344 densumque
1043 3282 1156 3323 corona

398 3348 515 3428 Volgus
530 3355 563 3408 et
577 3349 688 3409 infanti
703 3348 780 3408 lulia
792 3355 877 3409 tecta
890 3346 1024 3429 placent.

357 3435 446 3493 Acris
461 3434 534 3512 equi
549 3430 673 3491 suboles
688 3449 797 3509 magno
813 3432 858 3491 sic
872 3429 1002 3510 pulvere
1017 3428 1149 3508 gaudet,

398 3517 450 3576 Sic
463 3513 577 3575 vitulus
593 3512 679 3572 molli
693 3511 811 3594 praelia
824 3514 931 3575 fronte
946 3514 1040 3593 cupit.

356 3601 413 3677 lli,
435 3605 571 3674 servate,
592 3615 723 3677 precer,
745 3597 836 3656 matri
850 3614 905 3657 sna
918 3603 989 3658 vota
1002 3596 1162 3677 patrique,

316 3695 351 3747 10
400 3682 512 3742 Audiat
527 3688 562 3742 ut
575 3687 679 3740 natum
692 3678 845 3759 Regulus,
868 3678 923 3741 illa
938 3679 1024 3744 dnos.
