3434 4575
441 467 482 530 2⁰
773 480 809 526 n.
825 479 897 528 nna.
915 477 1101 528 munusms

442 621 551 697 Quales
574 630 643 681 tunc
663 620 766 701 epulas
785 622 879 701 ipsum
901 621 1037 699 gluttisse
1059 628 1191 699 putamus

443 707 697 785 induperatorem,
721 724 808 785 quant
833 716 877 766 tot
897 708 1050 780 sestertia,
1074 713 1186 783 partem

442 791 584 868 Exiguam
608 801 637 850 et
658 791 790 851 modicae
814 800 955 870 sumptam
977 791 1013 850 de
1037 790 1167 866 margine
1189 805 1311 864 coenae,

443 877 607 954 Purpureus
631 876 725 953 magni
749 877 868 936 ructarit
892 893 993 935 scurra
1015 872 1116 947 Palati,

443 959 500 1021 lam
524 961 661 1039 princeps
684 960 829 1038 equitum,
852 977 957 1037 magna
979 960 1028 1038 qui
1051 974 1126 1017 voce
1149 958 1267 1018 solebat

442 1044 580 1104 Vendere
603 1043 762 1122 municipes
785 1043 878 1105 iracta
900 1044 937 1104 dc
958 1060 1057 1103 merce
1080 1039 1210 1102 siluros?

443 1128 559 1208 incipe,
583 1127 734 1206 Calliope,
757 1127 827 1188 licet
850 1138 880 1189 et
903 1128 1075 1189 considere:
1097 1143 1155 1186 non
1181 1137 1226 1186 est

444 1213 638 1289 ornandum,
661 1231 709 1273 res
732 1231 801 1272 vera
825 1214 935 1291 agitur:
959 1220 1091 1285 narrate,
1114 1211 1231 1289 puellae

443 1298 591 1363 Pierides:
615 1297 708 1375 prosit
732 1295 798 1356 mibi
819 1314 874 1356 vos
896 1297 1005 1356 dixisse
1030 1294 1161 1374 puellas!

487 1381 580 1457 Quum
603 1383 657 1441 iam
682 1381 877 1440 semianimum
900 1381 1045 1441 laceraret
1067 1377 1184 1439 Flavius
1207 1378 1307 1439 orbem

444 1467 583 1541 Ultimus,
608 1475 637 1525 et
659 1465 744 1525 calvo
770 1467 896 1525 serviret
918 1464 1008 1525 iioma
1031 1462 1152 1538 Neroni,

445 1551 546 1611 incidit
571 1549 688 1609 ildriaoi
712 1550 835 1627 spatium
857 1549 1026 1610 admirabile
1048 1547 1161 1608 rhombi

446 1636 521 1694 Ante
544 1634 657 1694 domurn
681 1633 822 1709 Veneris,
850 1652 934 1712 quam
956 1632 1064 1703 Dorica
1087 1633 1209 1693 sustinet
1232 1633 1346 1707 Ancon,

446 1717 638 1798 implevitque
663 1720 757 1785 sinus:
785 1736 840 1778 uec
863 1719 937 1778 enirn
959 1719 1052 1777 minor
1073 1717 1209 1777 haeserat
1231 1716 1301 1793 illis,

447 1804 528 1877 Quos
551 1804 647 1882 operit
668 1803 781 1881 glacies
804 1801 949 1862 Maeotica
973 1812 1116 1881 ruptaque
1136 1800 1252 1862 taudem

447 1887 565 1949 Solibus
590 1887 710 1948 eiiundit
733 1888 870 1947 torrentis
891 1887 927 1948 ad
952 1890 1026 1947 ostia
1049 1885 1143 1961 Ponti,

447 1972 566 2033 Desidia
589 1971 688 2040 tardos
710 1982 740 2032 et
766 1973 856 2050 longo
880 1972 991 2048 frigore
1014 1971 1147 2048 pingues.

447 2057 579 2117 Destinat
600 2056 657 2117 boo
681 2067 839 2116 monstrum
861 2055 981 2131 cymbae
1003 2055 1111 2134 linique
1133 2055 1271 2132 magister

448 2141 579 2201 Pontidci
602 2157 722 2199 summo.
768 2140 840 2214 Quis
865 2141 939 2199 enim
961 2156 1129 2218 proponere
1152 2139 1239 2199 talem

448 2226 505 2284 Aut
528 2242 625 2286 emere
648 2224 785 2300 auderet,
810 2243 896 2306 quum
919 2223 1005 2302 plena
1027 2232 1054 2282 et
1076 2222 1162 2283 litora
1185 2224 1274 2285 multo

447 2310 589 2370 Delatore
611 2308 730 2370 iurent?
757 2310 883 2389 dispersi
905 2310 1036 2387 protinus
1059 2309 1145 2386 aigae

447 2395 637 2474 inquisitores
650 2403 772 2471 agerent
796 2412 860 2454 cum
886 2394 998 2471 remige
1020 2395 1108 2457 nuto.

448 2478 512 2538 Non
534 2477 688 2539 dubitaturi
713 2479 865 2556 fugitivum
886 2477 985 2538 dicere
1013 2480 1121 2557 piscem

447 2562 666 2642 Depastumque
689 2563 735 2623 diu
756 2564 867 2623 vivaria
890 2560 1025 2623 Caesaris
1050 2563 1115 2624 indo

448 2646 587 2726 Elapsum
608 2656 738 2707 veterem
763 2648 798 2708 ad
821 2648 963 2707 dominum
987 2647 1096 2707 debere
1119 2647 1236 2707 reverti.

376 2767 378 2770 -
444 2734 478 2791 Si
502 2732 569 2809 quid
591 2731 736 2808 Palfurio,
760 2734 786 2792 si
808 2731 950 2792 credimus
974 2730 1140 2799 Armillato,

449 2815 593 2894 Quidquid
614 2818 802 2896 conspicuum
824 2816 1035 2894 pulchrumque
1053 2826 1098 2875 est
1120 2830 1250 2894 aequore
1273 2823 1344 2874 toto.

449 2901 509 2959 Res
533 2900 596 2960 lisoi
618 2910 679 2973 est,
703 2901 877 2978 ubicumque
901 2910 994 2960 natat:
1018 2900 1170 2960 donabitur
1194 2914 1278 2976 ergo,

449 2983 493 3043 Ne
516 2994 628 3063 pereat.
674 2985 733 3045 lam
757 2985 874 3046 letiiero
900 2984 1022 3044 cedente
1048 2991 1157 3063 pruinis

451 3070 609 3144 Autumno,
633 3070 687 3129 iam
713 3080 879 3147 quartanam
903 3069 1086 3147 sperantibus
1110 3068 1220 3146 aegris,

381 3192 383 3195 v
450 3153 598 3213 Stridebat
623 3154 762 3213 deformis
785 3153 877 3214 biems
901 3154 1095 3232 praedamque
1121 3161 1268 3213 recentem

450 3236 607 3299 Servabst:
632 3247 727 3299 tamen
751 3238 798 3299 bic
821 3248 977 3317 properat,
1000 3238 1080 3299 velut
1102 3246 1205 3315 urgeat
1231 3246 1340 3296 auster.

451 3322 546 3402 thue
573 3322 654 3383 lacus
677 3323 828 3398 suberant,
853 3322 901 3381 ubi
924 3340 1094 3402 quamquam
1116 3322 1208 3382 diruta
1231 3331 1331 3380 servat

451 3407 550 3485 lgnem
572 3405 725 3467 Troianum
750 3417 779 3467 et
800 3407 920 3468 Vestam
944 3407 1013 3467 colit
1039 3406 1114 3466 aloa
1138 3406 1287 3470 minorem,

451 3491 568 3551 Obstitit
590 3492 705 3553 intranti
726 3493 855 3552 miratrix
878 3490 960 3550 turba
984 3508 1154 3569 parumper:

452 3575 488 3635 Ut
514 3578 619 3652 cessit,
644 3576 724 3637 iacili
747 3584 900 3653 patuerunt
924 3575 1041 3635 cardine
1063 3574 1184 3642 valvae;

453 3660 572 3721 Exclusi
594 3670 728 3739 spectant
751 3662 875 3720 admissa
899 3658 1020 3718 obsonia
1045 3668 1152 3737 patres.

453 3745 510 3803 itur
532 3746 567 3805 ad
592 3744 734 3810 Atriden:
758 3754 815 3804 tum
839 3744 958 3805 Picens:
987 3743 1116 3820 Accipe,
1140 3744 1220 3820 dixrt,
