3434 4575
594 455 1085 522 urrumnmnronnmm.
1310 441 1360 521 '79

403 611 528 672 Domini
541 610 676 670 bibentis
692 609 812 669 ebrium
826 610 909 687 regit
927 628 1049 689 penem.
1132 628 1136 637 ·

403 696 446 755 At
460 693 515 755 ille
529 703 616 754 retro
631 695 728 752 flexus
745 692 783 752 ad
796 693 911 771 pedum
924 695 1046 753 turbam

404 780 489 839 luter
504 776 631 838 catellas
646 796 787 836 anserum
802 783 872 835 exta
887 774 1061 837 lambentes

361 864 542 926 20Partitur
556 863 624 942 apri
637 859 798 940 glandulas
812 859 1000 940 palaestritis

404 947 446 1008 Et
460 947 631 1006 concubino
645 940 800 1005 turturum
815 949 903 1003 nates
919 943 1030 1020 donat;

403 1031 612 1108 Ligurumque
627 1030 716 1088 nobis
731 1049 800 1088 saxa
813 1048 881 1087 cmn
896 1029 1110 1089 ministrentur

404 1114 465 1175 Vel
481 1121 568 1174 cocta
582 1113 674 1173 fumis
690 1118 788 1172 musta
801 1111 1018 1191 Massilitanis,

406 1197 600 1277 Opimianum
615 1197 804 1257 morionibus
818 1201 926 1255 nectar

362 1279 663 1360 tbcrystallinisqne
678 1279 887 1356 murrinisque
900 1279 1055 1359 propinat.

405 1366 447 1426 ut
464 1365 634 1426 Cosmianis
648 1366 717 1444 ipse
731 1363 818 1422 fusus
835 1361 977 1442 ampullis

403 1449 472 1509 Non
488 1449 645 1509 erubescit
661 1448 778 1507 murice
793 1465 887 1506 aureo
904 1447 992 1506 nobis

404 1531 552 1593 Dividere
567 1533 713 1592 moechae
727 1532 874 1610 pauperis
889 1529 1045 1610 capillare.

406 1618 562 1697 Septunce
577 1614 673 1676 multo
689 1613 802 1676 deinde
816 1612 958 1693 perditus
973 1615 1087 1676 stertit.

361 1702 465 1763 30Nos
481 1702 660 1760 accubamus
676 1705 726 1777 et,
747 1697 903 1756 silentium
917 1698 1064 1757 rhonchis
1131 1771 1135 1778 ἱ

404 1786 569 1844 Praestare
582 1784 675 1861 iussi,
696 1782 821 1840 nutibus
836 1781 1042 1860 propinamus.

405 1870 471 1928 Hos
484 1866 671 1928 Malchionis
688 1865 823 1945 patimur
836 1865 972 1943 improbi
985 1864 1114 1943 fastus,

405 1953 470 2013 Nee
486 1951 652 2029 vindicari,
673 1949 770 2026 Rufe,
791 1948 961 2028 poscimus:
982 1947 1083 2009 fellat.

762 2113 925 2175 LXXXIII.

405 2228 449 2289 Ut
462 2228 572 2287 faciam
586 2229 729 2287 breviora
746 2245 853 2286 mones
868 2227 1102 2307 epigrammata,
1125 2219 1238 2289 Corde.

446 2312 510 2373 Fac
525 2314 616 2390 mihi,
639 2311 721 2390 quod
736 2312 873 2372 Chione:
896 2330 958 2370 non
971 2311 1059 2390 potui
1073 2309 1206 2371 brevius.

762 2473 926 2536 LXXXIV.

406 2588 487 2664 Quid
501 2592 607 2646 narrat
620 2592 673 2646 tua
687 2586 838 2646 moecha?
870 2585 938 2645 Non
953 2582 1087 2665 puellam

404 2671 490 2750 Dixi,
512 2667 698 2749 Gongylion.
728 2670 810 2745 Quid
825 2669 923 2748 ergo?
943 2667 1088 2746 linguam.

767 2817 919 2880 LXXXV.

406 2931 480 3008 Quis
495 2932 554 2991 tibi
567 2932 721 3010 persuasit
736 2948 827 2990 nares
842 2927 1004 2990 abscidere
1018 2930 1170 2990 moecho?

446 3016 516 3075 Non
530 3017 587 3075 hac
601 3021 761 3094 peccatum
776 3020 825 3073 est
838 3018 946 3093 parte,
967 3015 1094 3091 marite,
1116 3014 1183 3075 tibi.

405 3098 524 3176 Stulte,
548 3096 621 3176 quid
636 3098 750 3177 egisti?
771 3096 849 3157 nihil
866 3099 917 3157 hic
931 3099 991 3158 tibi
1007 3097 1147 3178 perdidit
1160 3115 1252 3174 uxor,

449 3184 525 3243 (lum
544 3184 586 3242 sit
599 3181 682 3243 salva
696 3184 742 3243 tui
759 3181 895 3241 mentula
910 3182 1075 3261 Deiphobi.

762 3328 925 3392 LXXXVI.

404 3443 451 3502 Ne
464 3441 588 3521 legeres
603 3446 723 3521 partem
735 3440 859 3520 lascivi,
882 3449 980 3522 casta,
1001 3440 1121 3520 libelli,

446 3525 591 3586 Praedixi
604 3533 636 3586 et
651 3528 770 3585 monui:
792 3532 959 3605 tutamen,
980 3544 1070 3604 ecce,
1087 3523 1176 3603 legis.

404 3608 469 3671 Sed
483 3612 510 3670 si
523 3607 724 3670 Panniculum
738 3615 860 3689 spectas
877 3617 911 3670 et
926 3617 1009 3670 casta
1025 3610 1186 3688 Latinum,
1203 3642 1243 3655 .-
1325 3619 1328 3625 '

445 3693 514 3755 Non
529 3699 601 3755 suut
614 3693 691 3754 haec
705 3693 805 3754 mimis
819 3695 1023 3776 improbiora,
1037 3728 1081 3740 -
1092 3692 1171 3773 lege.
