3434 4575
394 444 433 511 76
712 446 758 508 m
774 446 865 509 VAL.
882 444 1107 507 MARTIALIS

475 598 645 661 Custodem
657 598 760 659 medio
775 599 885 658 statuit
901 617 991 676 quam
1004 596 1112 657 vilicus
1125 599 1236 678 horto,

435 698 468 747 10
518 684 668 764 Opposita
682 688 803 762 spectat
818 702 907 761 qnam
921 683 1019 760 proba
1035 683 1120 759 virgo
1135 703 1234 746 manu.

474 768 508 829 Si
521 769 603 830 bene
615 774 648 827 te
664 768 750 844 novi,
770 765 898 844 longum
911 766 971 824 iam
984 763 1067 825 lassa
1079 764 1220 827 libellum

514 852 673 928 Ponebas‚
695 856 813 910 tantum
828 868 910 909 nuno
924 847 1061 908 studiosa
1078 848 1175 930 leges.

857 980 963 1042 LXIX.

473 1097 581 1158 Omnia
597 1094 680 1176 quod
692 1094 802 1155 scribis
818 1095 911 1153 castis
928 1095 1146 1174 epigrammata
1162 1098 1267 1158 verbis

515 1180 612 1259 Inque
626 1181 688 1240 tuis
702 1175 789 1237 nulla
801 1183 850 1238 est
863 1177 1001 1238 mentula
1016 1179 1216 1257 carminibus,

473 1263 636 1340 Admiror‚
658 1260 766 1337 lando,
789 1259 868 1320 nihil
881 1266 931 1320 ost
944 1269 976 1320 te
993 1263 1127 1321 sanetius
1142 1282 1217 1322 uno:

512 1348 555 1408 At
569 1365 638 1406 mea
651 1344 773 1404 luxuria
786 1346 897 1423 pagiua
910 1344 994 1404 nulla
1006 1350 1114 1409 vacat..
1287 1406 1290 1412 ,

451 1431 559 1492 5Haeo
574 1431 669 1508 igitur
682 1447 814 1507 nequam
828 1430 955 1487 iuvenes
968 1427 1140 1505 facilesque
1154 1427 1296 1510 puellae,

512 1515 598 1574 Haec
614 1514 735 1589 senior,
758 1509 814 1571 sed
826 1530 918 1589 quem
931 1519 1059 1590 torquet
1075 1514 1186 1591 amica,
1206 1511 1302 1594 legat.

470 1598 513 1657 At
524 1604 592 1674 tna,
614 1595 762 1672 Cosconi,
784 1594 1021 1674 venerandaque
1038 1603 1204 1675 sanctaque
1217 1601 1314 1660 verba

445 1755 454 1772 .
512 1681 540 1740 A
554 1680 659 1761 pueris
677 1678 794 1739 debent
811 1679 1043 1758 virginibusque
1056 1677 1131 1757 legi.

862 1812 954 1874 LXX.

411 1974 415 1980 .
470 1924 623 1986 Moechus
638 1942 672 1983 es
686 1923 845 2002 Aufidiae,
866 1925 919 2003 qui
933 1924 997 1999 vir,
1020 1922 1185 2003 Scaevino,
1206 1926 1312 2003 fuisti;

512 2005 629 2069 Rivalis
643 2008 746 2067 luerat
761 2010 814 2086 qni
828 2014 917 2084 tuus,
938 2003 994 2064 ille
1008 2007 1055 2065 vir
1070 2012 1128 2065 est.

470 2091 534 2152 Gur
549 2089 649 2151 aliena
662 2090 766 2172 placet
778 2093 853 2169 tibi,
874 2107 953 2170 qnae
968 2095 1036 2167 tua,
1057 2109 1120 2149 non
1133 2090 1238 2170 plaoet
1252 2097 1354 2156 uxori

510 2173 667 2254 Numquid
680 2194 807 2236 securus
820 2193 884 2233 non
896 2178 988 2252 potes
1003 2174 1164 2251 arrigere?

851 2306 957 2367 LXXI.

468 2419 611 2496 Mentula
624 2440 693 2481 oum
708 2418 814 2479 doleat
826 2437 941 2499 puero,
962 2420 1036 2496 tibi,
1058 2419 1208 2500 Naeuole,
1231 2421 1337 2504 culus,

509 2504 580 2565 Non
594 2524 661 2564 sum
678 2502 813 2581 divinos,
835 2501 893 2562 sed
908 2503 972 2562 seio
988 2501 1062 2582 qnid
1075 2505 1179 2567 facias.

848 2651 969 2713 LXXII.

466 2766 523 2828 vis
540 2768 635 2845 futui,
655 2784 714 2825 neo
727 2766 774 2825 vis
786 2768 922 2843 mecum,
945 2765 1084 2842 Saufeia,
1107 2763 1212 2827 lavari

508 2850 621 2911 Nescio
638 2847 721 2928 qnod
733 2868 875 2927 magnum
889 2851 1030 2928 suspicor
1044 2867 1113 2909 esse
1128 2848 1224 2908 nefas.

466 2934 530 2994 Ant
545 2934 604 2994 tibi
618 2951 774 3013 pannosae
789 2931 971 3013 dependent
982 2939 1112 3012 pectore
1126 2949 1290 3009 mammae,

509 3018 573 3077 Aut
586 3015 690 3076 sulcos
706 3018 789 3076 uteri
802 3015 939 3096 prodere
954 3015 1035 3076 nuda
1048 3017 1157 3089 times3

447 3102 536 3161 anat
549 3100 671 3162 infinito
686 3097 824 3160 lacerum
838 3106 926 3180 patet
938 3101 1054 3178 inguen
1067 3100 1171 3176 hiatu,

507 3184 571 3243 Ant
584 3181 702 3262 aliquid
717 3184 809 3244 ounni
824 3184 981 3265 prominet
993 3201 1048 3242 ore
1063 3184 1119 3243 tui.

467 3266 531 3327 Sed
545 3265 626 3326 nihil
639 3273 688 3327 est
701 3269 828 3346 horum,
845 3266 958 3346 credo,
979 3264 1190 3347 pulcherrima
1204 3262 1345 3329 andros.

508 3350 542 3410 Si
555 3369 662 3411 verum
676 3358 742 3431 est,
762 3353 871 3412 vitium
887 3352 976 3432 peius
991 3351 1103 3409 habes:
1123 3349 1208 3409 latua
1226 3368 1269 3410 es.

830 3482 967 3544 LXXIII.

466 3594 589 3656 Dormis
604 3556 672 3657 oum
685 3598 792 3677 pueris
806 3596 1002 3673 mutuniatis‚

467 3677 511 3738 Et
523 3698 587 3740 non
601 3686 664 3741 stat
676 3682 754 3759 tibi,
773 3680 916 3758 Phoebe,
939 3677 1023 3758 quod
1037 3683 1099 3739 stat
1111 3676 1187 3740 illis.
