3434 4575
325 351 389 419 340

650 354 696 417 Μ,
710 352 802 417 VAL.
819 354 1051 416 MARTIALIS

417 558 608 622 CLXXXIV.
629 558 790 619 Homerus
804 559 837 618 in
846 559 1068 639 pugillaribus
1082 563 1283 626 membranis.

407 656 480 719 llius
495 665 528 719 ct
540 658 655 719 Priami
671 659 776 737 regnis
789 658 931 717 inimicus
946 656 1057 720 Ulixes

450 741 620 825 Multiplici
636 744 754 823 pariter
770 741 893 802 condita
907 741 992 821 pelle
1006 740 1124 807 latent.

618 876 796 939 clxxxv.
824 874 946 955 Vergili
962 875 1075 938 bislee.

325 1033 327 1036 .
406 977 523 1058 Accipe
538 975 664 1036 facundi
679 975 833 1052 Culicem,
855 973 1013 1053 studiose,
1035 977 1203 1060 Maronis,

448 1062 495 1121 Ne
510 1062 638 1121 nucibus
652 1062 763 1141 positis
777 1079 859 1119 orma
875 1059 1039 1137 virumque
1053 1058 1158 1141 legas.

527 1193 719 1255 CLXXXVl.
747 1192 905 1275 Vergilius
918 1193 952 1252 in
966 1194 1174 1258 membranis.

410 1295 506 1372 Quam
520 1294 623 1354 brevis
638 1295 818 1353 immensum
835 1293 920 1371 cepit
935 1296 1118 1357 membrana
1132 1298 1313 1364 Maronem!

449 1377 547 1457 lpsius
561 1375 663 1436 voltus
676 1378 776 1455 prima
790 1373 905 1435 tabella
920 1378 1011 1454 gerit

577 1508 781 1573 clxxxvss.
802 1502 1013 1590 Μενάνδρου
1028 1503 1124 1585 eisc.

405 1613 472 1673 lloe
487 1612 618 1694 primum
634 1612 777 1671 iuvenum
792 1609 923 1671 lascivos
938 1610 1013 1672 lusit
1026 1633 1173 1692 amores3

446 1696 512 1757 Nec
527 1694 661 1774 Glycera
676 1696 782 1775 pueri,
805 1695 901 1754 Thais
918 1697 1014 1756 amica
1029 1697 1101 1756 fuit.

533 1827 752 1892 CLXXXVlll.
779 1828 885 1890 Cicero
900 1830 933 1888 in
946 1831 1152 1893 membranis.

404 1932 439 1995 Sl
454 1950 557 1993 comcs
570 1931 630 1990 ista
645 1930 702 1989 tibi
715 1929 813 1990 fuerit
827 1929 1019 2007 membrana,
1042 1937 1157 2009 putato

448 2017 586 2095 Carpere
601 2018 634 2071 te
650 2011 758 2090 longas
774 2034 842 2073 cum
859 2013 1012 2073 Cicerone
1027 2016 1104 2074 vias.

555 2143 744 2223 CLXXXIX,
768 2144 958 2206 Monobiblos
972 2144 1132 2227 Properti.

403 2246 536 2327 cynthia
548 2243 674 2305 facundi
689 2264 813 2306 carmen
826 2247 967 2309 iuvenale
980 2248 1136 2332 Properti

443 2331 574 2411 Accepit
588 2330 714 2389 famum:
731 2350 793 2390 non
808 2331 907 2391 minus
920 2333 988 2412 ipsa
1002 2332 1100 2394 dedit.

550 2464 638 2527 CXC.
667 2464 756 2525 litus
771 2464 878 2525 dicius
892 2467 924 2524 in
938 2468 1138 2533 membranis.

400 2563 539 2626 Pellibus
555 2565 671 2643 exiguis
686 2569 803 2637 artatur
816 2563 921 2623 Livius
934 2564 1062 2645 ingens,

443 2650 541 2733 Quem
555 2667 699 2710 mennon
716 2653 813 2707 totum
827 2645 1018 2709 bibliotheca
1033 2655 1128 2733 capit.

685 2763 788 2824 cxcl.
811 2761 995 2826 Sallustius.

399 2866 459 2925 llic
475 2864 552 2941 erit,
573 2870 607 2924 nt
619 2866 787 2953 perhibent
803 2864 963 2925 doctorum
979 2866 1074 2928 corda
1088 2871 1252 2958 virorum,

440 2948 562 3008 Primus
579 2947 713 3008 Romana
728 2949 855 3029 Crispus
870 2950 902 3008 in
920 2950 1059 3011 historie.

458 3080 575 3142 cxcss.
600 3081 691 3143 Ovidi
705 3079 960 3163 Metamorphosis
974 3085 1007 3143 in
1021 3090 1230 3158 membram's.

397 3184 483 3244 llaec
497 3185 554 3244 tibi
570 3183 735 3264 multiplici
751 3203 830 3263 quae
844 3190 963 3245 structo
977 3192 1026 3247 est
1039 3208 1142 3254 massa
1158 3199 1292 3280 tabella,

441 3268 584 3329 Carmina
597 3268 727 3328 Nasonis
740 3270 875 3347 quinque
890 3268 1061 3349 decemque
1075 3280 1173 3354 gerit

683 3401 813 3463 cxcffl.
842 3402 990 3465 tibullus.

395 3496 483 3560 Ussit
496 3507 663 3561 amatorem
677 3500 817 3562 Nemesis
832 3499 946 3565 lasciva
960 3503 1142 3591 Tibullum,

410 3636 413 3641 .
436 3583 472 3644 lu
486 3589 553 3645 tota
566 3586 644 3645 iuvit
658 3603 750 3647 ouem
764 3584 844 3646 nihil
857 3605 927 3649 esse
942 3586 1043 3652 domo.
