3434 4575
578 495 918 558 EPIGRAMMATON
931 497 1005 559 ΠΒ.
1020 497 1058 560 Π.
1300 494 1341 562 41

384 649 463 713 Esse
478 650 536 709 tibi
550 654 635 708 tauta
649 655 754 711 cautus
768 650 921 710 brevitate
938 647 1076 710 videris?

427 732 490 793 Hei
503 733 598 810 mihi,
621 753 710 811 quam
725 733 830 794 multi·
846 735 892 793 sie
908 752 1031 813 quoque
1044 731 1156 813 longus
1171 733 1251 795 erin!

800 870 835 930 11.

385 978 481 1038 Crete
495 977 580 1040 dedit
596 1000 752 1061 magnum,
775 983 871 1042 maius
887 978 975 1041 dedit
989 979 1096 1040 Αἰτίαι
1109 998 1239 1060 nomeu,

428 1062 531 1143 Scipio
547 1063 629 1143 quud
643 1067 742 1126 victor
757 1066 902 1146 quodque
916 1063 1065 1126 Metellus
1079 1063 1190 1140 hebet3

383 1145 525 1208 Nobilius
540 1146 655 1209 domito
670 1150 780 1211 tribuit
795 1150 960 1211 Germania
973 1147 1099 1226 Rheno,

423 1231 466 1291 Et
479 1251 558 1312 puer
572 1233 632 1293 hoe
648 1231 757 1311 diguus
770 1236 913 1312 numine,
936 1233 1068 1310 (luetur,
1090 1249 1169 1294 eres.

361 1313 498 1376 5Fruter
511 1314 670 1376 Idumaeos
685 1319 799 1378 meruit
815 1338 883 1378 eum
900 1323 989 1398 putre
1004 1316 1195 1395 triumphos,

426 1399 510 1475 Quae
526 1399 616 1461 datur
631 1419 668 1461 ex
683 1401 804 1462 chattis
818 1400 944 1480 laurea,
966 1406 1031 1462 totu
1046 1405 1099 1460 tue
1113 1403 1170 1460 eet.

801 1536 850 1596 ΠΙ.

384 1645 496 1726 Sexte,
518 1648 595 1709 nihil
611 1647 723 1729 debes,
746 1649 791 1710 nil
805 1648 918 1727 debes,
941 1646 1051 1726 Sexte,
1072 1647 1215 1710 fatemur.

424 1730 526 1792 Debet
541 1734 639 1812 euim,
661 1736 687 1793 si
706 1736 774 1812 quis
789 1731 928 1811 solvere,
951 1732 1060 1809 Sexte,
1081 1735 1195 1811 putent.

791 1867 842 1928 IV.

346 1974 350 1982 '
385 1976 516 2054 Oquem
530 1976 660 2040 blandus
672 1998 724 2057 es,
747 1978 923 2054 Ammiaue,
945 1976 1052 2036 metri!

385 2060 481 2136 Quum
496 2059 609 2122 blenda
624 2068 673 2123 est
686 2063 745 2123 tibi
758 2067 875 2140 mutor,
897 2060 1071 2123 Ammiune!
1167 2124 1169 2128 ,

381 2143 526 2205 Fratrem
538 2153 570 2206 te
584 2153 673 2207 vocet
686 2152 719 2206 et
733 2166 823 2206 soror
837 2150 972 2206 vocatur.

383 2227 514 2290 Curvus
528 2232 651 2290 uomina
665 2232 816 2311 nequiore
830 2228 982 2309 tangunt?

360 2313 488 2389 5Quure
502 2334 565 2374 uun
578 2315 661 2375 iuvet
673 2317 733 2375 hoe
748 2313 831 2394 quod
846 2315 921 2374 estis
936 2312 1028 2372 ense?

380 2397 495 2457 Lusum
510 2396 639 2459 creditis
653 2400 713 2459 hoe
728 2397 914 2478 iocumque?
939 2397 1009 2456 Nun
1023 2402 1086 2457 eet:

382 2480 534 2561 Matrem,
558 2501 636 2560 quae
650 2484 735 2563 cupit
750 2500 819 2542 esee
835 2501 869 2542 se
884 2498 1039 2559 sororem,

381 2564 446 2625 Nec
460 2571 590 2626 matrem
603 2568 686 2628 iuvet
699 2584 768 2626 ense
782 2584 841 2626 nee
856 2583 1005 2626 sororem.

803 2700 841 2762 V.

381 2808 429 2871 Ne
444 2810 578 2891 valeam,
601 2815 628 2873 ei
642 2833 705 2873 nou
718 2814 810 2890 tutis,
831 2812 984 2888 Deciuue,
1006 2807 1115 2870 diebus

423 2895 465 2956 lit
479 2902 582 2956 tecum
596 2899 671 2958 totis
685 2898 828 2957 noctibus
840 2914 910 2957 ene
922 2894 1022 2956 velim.

385 2977 448 3039 Sed
464 2977 523 3039 duo
538 2987 609 3041 eunt
624 2999 702 3060 quae
717 3000 773 3041 nos
788 2979 967 3059 disiungunt
982 2977 1066 3040 milit
1076 2996 1214 3059 penum:

426 3064 578 3140 Quattuor
592 3066 670 3125 haee
680 3065 772 3144 fiunt,
797 3063 865 3125 'euin
882 3063 1040 3125 rediturus
1053 3081 1128 3123 eam.

362 3146 488 3227 5Saepe
501 3145 584 3208 dumi
595 3168 658 3208 nou
670 3168 720 3228 ee,
740 3168 808 3209 cum
819 3150 862 3209 sis
875 3167 1015 3229 quoque,
1034 3164 1127 3227 saepe
1138 3144 1278 3224 negaris:

424 3229 486 3293 Vel
503 3237 620 3293 tautum
639 3234 737 3294 causis
753 3230 804 3293 vel
821 3234 880 3293 tibi
899 3251 992 3314 saepe
1011 3250 1108 3293 vacus.

382 3313 431 3375 Te
448 3321 551 3376 tumen
568 3322 603 3376 ut
619 3315 738 3377 videam
757 3315 817 3377 duo
837 3316 920 3376 milia
937 3336 999 3376 uou
1015 3317 1103 3398 piget
1118 3315 1182 3391 ire,

424 3398 467 3460 Ut
485 3405 518 3459 te
539 3419 602 3459 non
618 3399 738 3461 videam
757 3406 902 3480 quattuor
918 3402 967 3461 ire
983 3401 1078 3481 piget.

796 3534 847 3597 vl.

380 3642 394 3702 1
410 3662 509 3723 nunc,
532 3643 628 3705 edere
646 3664 695 3706 me
712 3647 785 3706 iube
800 3645 926 3708 libellos

382 3726 490 3788 Lectis
507 3730 556 3789 vix
573 3729 632 3789 tibi
649 3731 768 3809 paginis
787 3729 904 3791 duabus
