3434 4575
698 469 823 518 sauma
847 471 907 520 vlt.

307 609 443 671 Omnibus
468 619 497 670 et
521 612 630 672 crescit
651 611 739 672 multa
763 612 902 674 damnosa
924 632 1053 694 papyro:
1134 655 1137 662 -

305 699 353 756 Sic
375 695 482 773 ingens
502 713 599 755 rerum
622 714 758 756 numerus
780 696 859 758 iubet
882 707 968 778 atque
994 717 1115 779 operum
1137 700 1196 762 lex.

305 781 386 855 Quae
411 788 508 839 tamen
529 779 597 840 inde
621 778 733 859 seges?
756 790 852 843 terrae
873 785 937 862 quis
959 784 1071 845 fructus
1094 786 1239 865 apertae?

305 865 374 939 Quis
398 862 478 924 dabit
498 863 655 940 historico,
678 873 812 943 quantum
836 867 920 927 daret
942 877 1007 929 acta
1030 867 1164 947 legenti?
1232 935 1235 940 ,

303 948 405 1009 -Sed
425 966 519 1027 genus
539 950 691 1027 ignavum,
715 951 794 1029 quod
817 951 897 1010 lecto
920 952 1029 1030 gaudet
1051 963 1080 1013 et
1102 954 1302 1022 umbra-1⁰5

303 1034 357 1094 llic
381 1033 489 1112 igitur,
512 1033 581 1114 quid
604 1034 760 1095 causidicis
781 1036 879 1096 civilia
900 1047 1052 1114 praestent

304 1116 406 1179 Officia
429 1126 459 1177 et
480 1135 586 1195 magno
610 1119 733 1179 comites
757 1120 784 1178 in
806 1119 888 1181 fasce
912 1118 1028 1182 libelli?

303 1202 359 1281 lpsi
381 1220 487 1281 magna
508 1211 628 1280 sonunt,
649 1203 703 1263 scd
725 1213 799 1279 tum,
829 1221 916 1283 quum
939 1207 1069 1267 creditor
1091 1207 1179 1284 audit,

304 1286 482 1366 Praecipue,
505 1286 554 1347 vel
577 1289 602 1348 si
624 1288 719 1366 tetigit
736 1287 811 1348 latus
834 1291 932 1350 acrior
952 1289 1016 1369 illo,
1234 1364 1237 1369 .

304 1370 356 1445 Qui
379 1373 459 1431 venit
479 1371 514 1431 ad
535 1371 651 1433 dubium
674 1372 776 1450 grandi
799 1392 864 1433 cum
887 1375 992 1435 codice
1016 1393 1146 1437 nomen.⁴
1184 1435 1187 1439 ,
1250 1392 1302 1445 110

303 1453 381 1517 Tunc
404 1457 543 1516 immensa
564 1457 627 1516 cavi
650 1457 760 1536 spirant
782 1458 933 1519 mendacia
957 1459 1046 1520 folles

304 1538 536 1620 conspuiturque
557 1540 654 1600 sinus:
673 1558 772 1600 veram
796 1542 983 1621 deprendere
1005 1564 1131 1607 messem

302 1626 330 1685 Si
353 1624 443 1698 libet,
466 1624 533 1685 binc
555 1634 670 1685 centum
693 1627 865 1703 patrimonia
885 1629 1109 1707 causidicorum,

302 1710 384 1770 Parte
408 1708 465 1771 alia
488 1709 581 1770 solum
602 1711 707 1770 russati
730 1727 807 1789 poue
823 1710 984 1772 Lacernae.

302 1792 472 1855 Consedere
495 1793 602 1854 duces:
625 1794 721 1872 surgis
744 1803 773 1855 tu
798 1795 924 1874 pallidus
944 1796 1030 1875 Aiax,
1248 1813 1299 1866 ltt

301 1879 435 1940 Dicturus
458 1877 543 1938 dubia
563 1895 617 1958 pro
640 1879 791 1955 libertate,
813 1878 943 1941 bubulco
989 1874 993 1881 ’

301 1963 407 2025 lodice.
451 1962 564 2041 Rumpe
586 1965 675 2023 miser
696 1972 809 2023 tensum
833 1965 930 2042 iecur,
953 1975 983 2026 ut
1005 1966 1056 2026 tibi
1077 1967 1157 2028 lasso

302 2046 438 2126 Figuntur
461 2047 586 2121 virides,
610 2046 755 2108 scalarum
777 2049 890 2128 gloria,
912 2049 1041 2128 palmae:

302 2130 384 2205 Quod
407 2132 492 2193 vocis
513 2129 657 2212 pretium?
679 2134 776 2194 siccus
796 2134 1004 2212 petasunculus
1028 2145 1058 2195 et
1080 2155 1132 2196 vas

302 2216 502 2293 Pelampdum,
525 2226 573 2277 aut
594 2225 731 2294 veteres,
750 2216 917 2279 illaurorum
941 2219 1095 2299 epimenia,
1117 2221 1209 2304 bulbi,
1243 2234 1296 2287 12⁰

302 2300 473 2362 lutrinum
496 2299 595 2362 Tiberi
616 2302 787 2380 devectum,
812 2305 940 2384 quinque
964 2305 1097 2384 lagonae.

300 2388 329 2446 Si
351 2395 457 2468 quater
477 2387 581 2464 egisti,
606 2388 630 2447 si
653 2388 773 2466 contigit
796 2407 903 2449 aureus
924 2408 1007 2466 unus,

301 2469 367 2531 lude
392 2470 497 2531 cadunt
520 2480 618 2549 partes
640 2487 677 2531 ex
697 2471 821 2532 loedere
845 2476 1098 2552 pragmaticorum.

299 2553 424 2617 Aemilio
448 2554 561 2616 dabitur
584 2564 719 2636 quantum
742 2556 826 2633 licet,
850 2567 880 2618 et
901 2557 1004 2619 melius
1022 2575 1077 2620 nos

299 2638 434 2718 ligimus:
459 2639 543 2700 buius
562 2641 637 2702 euim
659 2650 716 2701 stat
739 2658 839 2700 currus
864 2660 990 2719 aeneus,
1014 2642 1065 2704 alti
1243 2656 1292 2709 12⁶

299 2724 492 2801 Quadriiugos
513 2727 540 2783 in
561 2724 730 2800 vestibulis,
754 2735 842 2803 atque
866 2728 930 2805 ipse
952 2726 1046 2788 feroci

299 2808 447 2869 Bellatore
469 2807 577 2869 sedens
599 2818 746 2870 curvatum
768 2809 873 2872 hastile
893 2813 1014 2873 minatur

298 2892 416 2953 Eminus
439 2901 469 2953 et
490 2902 583 2955 statua
606 2893 759 2954 meditatur
778 2895 892 2972 proelia
913 2894 1003 2956 lusca.

298 2979 347 3037 Sic
369 2976 450 3038 Pedo
475 2978 642 3053 conturbat,
665 2975 763 3039 llatho
787 2978 901 3045 deicit:
927 2981 1022 3041 exitus
1041 2979 1089 3042 bic
1110 2991 1154 3041 est

299 3061 448 3140 Tongilii,
471 3080 576 3141 magno
601 3080 664 3123 cum
685 3061 874 3124 rhinocerote
898 3063 989 3125 lavari
1241 3076 1293 3130 1³0

298 3145 353 3220 Qui
377 3146 457 3207 solet
479 3156 508 3206 et
532 3156 621 3208 vexat
641 3145 781 3208 lutulenta
799 3147 905 3209 balnea
928 3150 1011 3210 turba

299 3230 413 3310 Perque
434 3230 529 3291 iorum
552 3233 670 3292 iuvenes
693 3232 783 3311 longo
807 3234 912 3311 premit
934 3252 1035 3294 assere
1058 3232 1190 3309 blaedos,

298 3313 455 3395 limpturus
478 3333 604 3395 pueros,
625 3325 791 3393 argeutum,
826 3319 970 3399 murrina,
998 3318 1098 3385 villas:

298 3399 433 3479 Spondet
456 3402 531 3460 euim
555 3399 645 3477 Tyrio
667 3400 810 3461 stlattaria
832 3419 958 3481 purpura
982 3402 1041 3463 lrlo.

299 3482 336 3544 llt
356 3493 452 3545 tamen
475 3494 521 3544 cst
541 3484 599 3545 illis
618 3484 675 3545 hoc
697 3486 782 3552 utile;
807 3503 934 3565 purpura
956 3486 1054 3547 uendit
1243 3498 1292 3553 131

300 3564 503 3644 causidicum,
523 3569 650 3630 venduut
671 3569 877 3646 amethystina:
901 3571 1037 3631 convenit
1061 3569 1119 3631 illis

301 3649 337 3711 lit
356 3655 480 3732 strepitu
500 3663 530 3715 et
552 3654 629 3715 lacie
647 3654 765 3713 maioris
787 3656 888 3716 vivere
910 3673 1025 3715 census.

301 3736 358 3796 Sed
381 3736 468 3797 linem
489 3739 638 3817 impensae
662 3755 720 3798 non
741 3749 838 3799 servat
855 3738 981 3819 prodiga
1004 3737 1105 3799 Roma.

341 3842 397 3884 nav.
419 3842 480 3882 sar.
1073 3839 1091 3893 a
