3434 4575
689 425 898 474 Pmuu‘no.
1216 429 1285 478 XXV

304 588 397 632 neum
406 575 489 630 merit
502 605 546 616 -
556 573 584 629 V.
592 575 652 632 aet.
664 576 717 632 ²38
727 573 849 644 quomodo
861 574 965 644 scriptos
976 590 989 630 a
1002 583 1071 646 poeta
1083 590 1219 638 censerem,
1231 575 1287 631 Vm·

303 659 346 714 dic
358 677 383 731 p.
395 663 427 714 12
440 658 533 729 aperiri.
546 671 625 728 neque
637 673 701 712 nunc
711 666 816 712 retracto
827 657 891 728 quod
905 658 961 725 illio,
973 667 1000 714 ut
1008 662 1139 723 nanniano
1155 663 1286 715 senmnuae

305 743 402 799 lornram
414 757 597 813 recuperemus.
611 742 741 812 legendum
753 756 806 795 esse
816 743 953 811 suspicatus
967 759 1037 798 sum:

381 827 556 900 &palamque
571 842 651 879 aurae
662 834 746 896 portet:
763 833 789 880 ut
799 835 903 880 meua
919 827 1012 882 odada

381 910 477 965 adduae
487 913 580 966 maroa
590 910 645 964 silet
655 919 678 964 et
685 910 815 981 praepote
824 910 904 971 doct.

302 1009 328 1048 ue
338 1002 420 1050 tamur
438 995 489 1064 ipsa
501 997 525 1049 in
543 994 616 1049 rerba
633 994 744 1050 licentius
755 1009 891 1066 grassarer,
910 1012 932 1052 v,
945 1000 997 1052 238
1009 996 1063 1050 silet
1074 1012 1117 1065 pro
1126 1004 1209 1066 pavet.
1221 998 1284 1067 quod

301 1080 386 1148 inipso
402 1077 465 1134 Pida
479 1087 530 1145 est,
548 1077 674 1133 restituere
684 1080 771 1151 sategi.
788 1109 831 1118 -
847 1077 875 1134 V.
895 1084 947 1136 270
965 1096 1035 1152 ponam
1045 1080 1129 1150 prauis
1141 1079 1211 1140 Pitl„
1230 1087 1285 1134 ttmc

298 1164 380 1231 meana
397 1162 466 1218 lehn.
486 1179 509 1218 c.
531 1163 652 1234 plurimis,
670 1172 750 1230 recte,
765 1163 787 1217 si
803 1176 907 1234 sequeus
923 1164 1056 1219 versiculus
1072 1166 1192 1236 genuinus
1208 1173 1286 1224 essem

299 1261 362 1301 nnnc
376 1247 428 1316 ipsa
439 1247 588 1302 obscuritate
596 1256 737 1318 suspectum
752 1246 839 1301 melior
848 1246 888 1301 illa
901 1248 1030 1302 arrctoritas
1040 1247 1131 1303 secludi
1149 1249 1231 1302 suasit.
1247 1276 1282 1286 —

303 1358 335 1368 —
350 1328 378 1384 V.
390 1334 442 1389 295
454 1331 514 1385 utos
524 1331 628 1386 editores
640 1332 747 1403 plerique
758 1347 813 1385 curro
826 1330 947 1402 Nogarola
959 1339 984 1385 et
994 1331 1107 1392 Pithoeo.
1117 1332 1225 1403 quamvis
1236 1347 1286 1385 am·

300 1415 372 1485 ligna
384 1414 502 1469 librorum
512 1414 571 1478 fide,
588 1430 691 1487 quorum
707 1415 803 1486 plurimi
825 1412 914 1477 lstroo.
936 1416 1080 1472 pithoeanus
1097 1411 1169 1470 landos
1181 1417 1285 1478 eulriltet.

300 1497 410 1570 luneque
422 1497 519 1554 lahnius
530 1507 628 1553 secutus
638 1506 688 1560 est:
706 1508 730 1553 at
740 1515 789 1554 non
801 1501 882 1571 agitur
894 1499 924 1553 de
937 1500 1030 1555 luxuria
1041 1499 1149 1555 Romana
1167 1514 1210 1570 per
1219 1508 1285 1554 exte-

300 1598 336 1638 ras
359 1590 449 1654 gentes
473 1590 620 1654 propagata,
643 1582 687 1638 sed
709 1583 740 1638 de
762 1583 836 1653 ipsius
856 1583 922 1637 urhis
939 1584 1047 1639 moribus
1065 1599 1123 1655 pace
1140 1592 1165 1639 et
1185 1584 1284 1654 imperio

300 1666 434 1737 corruptis,
451 1667 580 1722 necwtlea
590 1665 671 1721 ludiae
681 1668 762 1738 potius
773 1682 845 1739 qoam
858 1666 950 1722 Romae
966 1669 1123 1727 conveniunt:
1141 1669 1220 1738 recepi
1237 1668 1284 1740 igi·

301 1758 337 1806 tur
347 1750 413 1823 quod
425 1751 579 1806 coniecturae
596 1758 662 1805 certe
679 1765 887 1806 omnesunmeros
897 1753 987 1822 implet.
1003 1780 1039 1791 -—
1058 1752 1086 1808 V.
1098 1755 1159 1810 337.
1169 1753 1222 1808 308
1232 1751 1283 1807 lah·

300 1836 352 1890 nius
361 1850 419 1889 cum
431 1834 554 1907 lladuigio
563 1836 718 1906 transposuit,
730 1835 874 1906 astipulante
884 1837 957 1891 etiam
968 1837 987 1890 l.
1001 1835 1028 1891 E.
1037 1836 1064 1890 Β.
1073 1835 1169 1906 Mayore
1181 1836 1204 1890 in
1215 1836 1283 1891 Jour-

300 1921 336 1975 nal
346 1919 376 1974 ol
383 1919 494 1974 classiual
505 1919 550 1974 and
561 1919 644 1973 sacred
657 1918 782 1990 plilology
795 1920 875 1984 1864,
887 1934 910 1988 p.
922 1923 971 1986 91,
983 1919 1097 1975 librorum
1110 1927 1189 1974 tamon
1201 1928 1282 1975 auoto-

301 2004 368 2059 ritate
380 2002 452 2059 ualde
463 2003 565 2075 exigua.
582 2002 669 2075 quibus
680 2003 738 2058 illud
750 2003 826 2058 fraudi
837 2017 891 2058 asse
902 2011 1007 2072 poterat.
1025 2005 1089 2075 quod
1101 2020 1123 2059 v.
1135 2006 1184 2061 307
1199 2020 1281 2060 euon-

299 2088 370 2143 nullis
380 2088 484 2158 ipsoque
494 2086 625 2142 Pithoeano
637 2097 731 2142 mature
741 2087 846 2154 excidit,
860 2102 939 2159 neque
951 2103 1024 2142 sensu
1035 2095 1152 2159 urgente,
1164 2088 1205 2159 qui
1215 2089 1282 2143 nobi·

301 2172 346 2226 lcm
356 2186 454 2243 quoque
465 2170 589 2226 mulierem
601 2170 742 2226 Pudicitiam
756 2171 854 2226 irridere
867 2172 967 2241 patitur,
983 2173 1004 2227 si
1015 2187 1072 2226 cnm
1089 2172 1182 2227 famoso
1193 2180 1282 2233 scorto,

301 2254 395 2327 qualem
406 2255 514 2311 llauram
525 2253 576 2312 Sat.
588 2254 618 2313 x
630 2259 683 2314 264
694 2257 830 2323 noscimus,
846 2255 910 2311 illius
921 2271 986 2311 aram
1005 2257 1124 2327 praeterit.
1141 2285 1179 2295 -
1191 2256 1218 2312 V.
1230 2260 1280 2316 347

299 2339 410 2413 poete,
423 2340 489 2412 quod
499 2340 523 2395 in
533 2339 595 2396 Pith.
608 2348 660 2405 est,
681 2355 724 2395 our
735 2339 830 2395 lahnius
840 2342 941 2412 vulgato
958 2340 1037 2396 oolra'be
1048 2341 1215 2412 posthaberet.
1226 2356 1282 2396 cau-

299 2440 350 2479 sam
360 2425 437 2480 luisse
447 2424 472 2478 in
482 2423 574 2481 lirndie
587 2438 612 2494 p.
622 2428 641 2484 9
651 2426 750 2495 negavi.
769 2424 906 2497 ibidemque
915 2425 1010 2479 delendi
1021 2441 1044 2481 v.
1054 2428 1106 2483 382
1121 2434 1280 2489 sumantur.

300 2510 361 2580 quod
380 2508 422 2564 ille
432 2508 565 2565 lluklandi
581 2508 735 2564 coniecturae
747 2509 878 2581 purum
893 2510 979 2564 cedere
988 2510 1072 2573 inssit;
1089 2511 1184 2565 mallem
1194 2525 1216 2566 v.
1229 2513 1278 2569 371

299 2600 446 2665 mammen
462 2593 597 2663 scripsisset
606 2608 650 2663 pro
663 2601 787 2665 apruntoa.
800 2593 865 2665 quod
877 2594 924 2647 lam
936 2609 949 2648 a
961 2592 1083 2649 Pithoeani
1095 2610 1167 2649 manu
1177 2594 1282 2650 secunda

300 2677 435 2733 conectunt
453 2692 552 2747 prorsus
568 2678 670 2733 alenam
687 2676 819 2750 imaginem
836 2677 894 2732 lruic
911 2679 1066 2748 descriptioni
1083 2678 1199 2733 admiscet
1210 2679 1282 2749 inque

300 2768 363 2816 unta
374 2762 500 2833 ntnmqne
510 2761 577 2817 verli
586 2761 740 2825 contusione,
753 2764 822 2816 cuins
833 2762 905 2817 etiam
916 2760 966 2815 Vll.
978 2768 1012 2820 tt
1024 2762 1161 2834 exemplum
1174 2762 1215 2818 dat
1225 2762 1281 2817 alia-

299 2861 344 2917 que
361 2844 525 2901 dichstadtius
546 2844 673 2918 iuProgr.
691 2854 795 2916 prorect.
814 2846 907 2900 lenensi
922 2850 989 2904 1846
1008 2862 1030 2916 p.
1055 2853 1082 2903 tl
1100 2846 1193 2910 attulit,
1215 2848 1281 2901 omni

300 2929 441 2984 mundandi
457 2917 599 2985 difficultate
615 2938 695 2991 narem
713 2945 758 2984 nec
769 2947 791 2987 v.
804 2930 951 2993 38616330,
964 2931 1028 3002 qnod
1039 2930 1104 3002 Appi
1114 2931 1218 2986 nominis
1229 2945 1282 2986 mu·

300 3014 380 3068 herem
397 3028 454 3068 cum
473 3013 601 3068 scholiasta
616 3029 687 3085 quiam
699 3014 752 3069 Adi
768 3030 824 3069 cum
837 3013 934 3069 lleinsio
953 3014 1064 3084 amplecti
1084 3015 1180 3079 naluit.
1199 3030 1246 3084 quo
1257 3023 1282 3069 et
1339 3019 1341 3021 ’

299 3097 408 3152 codicum
422 3098 495 3153 lectio
505 3098 550 3153 ulti
565 3107 590 3152 et
600 3097 739 3153 lunium
755 3099 845 3152 mentio
858 3106 997 3169 antegressa
1013 3098 1124 3155 ducebat.
1139 3126 1174 3138 —
1190 3099 1217 3150 V.
1231 3102 1281 3155 469

299 3183 402 3237 mmsis
412 3197 457 3253 pro
468 3182 571 3237 morde
580 3183 618 3238 uel
628 3190 713 3238 contra
722 3181 881 3237 Pithoeanum
892 3184 1039 3236 constantiae
1051 3183 1119 3247 dedi,
1131 3197 1192 3254 quae
1207 3182 1246 3235 hic
1256 3192 1280 3235 eu

299 3264 349 3320 Sat.
360 3266 414 3321 llll.
425 3274 442 3325 5
454 3267 556 3321 eandem
568 3266 669 3321 formam
680 3266 787 3321 exhiheri
798 3265 903 3327 iuberem
922 3282 979 3321 mon
994 3274 1074 3322 autem
1092 3283 1114 3323 v.
1126 3269 1281 3324 461-463

299 3350 397 3419 pristino
408 3350 486 3405 ordini
499 3351 607 3417 restitui,
619 3366 692 3423 quem
702 3350 791 3407 nollem
803 3350 899 3406 lalunius
911 3366 966 3405 curu
980 3350 1100 3423 lladviffl'o
1113 3352 1144 3405 ita
1155 3357 1280 3415 mutasset,

300 3441 324 3488 ut
333 3449 356 3493 r.
369 3440 422 3494 464
430 3463 468 3475 -
477 3438 531 3493 466
541 3440 704 3505 anupcneret.
728 3435 876 3507 lladriginm
886 3436 976 3490 immeo
988 3436 1070 3499 movit.
1082 3435 1147 3506 quod
1159 3449 1206 3488 non
1218 3433 1279 3488 arbi-

299 3526 346 3572 tror
355 3519 509 3575 commodius
520 3519 550 3574 ad
567 3518 652 3589 foliata
663 3520 762 3574 noadaia
776 3529 866 3591 pmatrr
876 3535 948 3591 qnam
959 3520 987 3573 ad
1000 3533 1054 3573 euro
1067 3527 1178 3573 ornatum
1189 3518 1279 3581 reterri,

299 3617 336 3671 qna
346 3619 368 3659 r.
380 3608 434 3662 468
444 3603 603 3666 describitun
619 3618 664 3659 nec
676 3604 772 3659 moechi
782 3619 839 3659 cura
850 3604 893 3660 sed
904 3603 1037 3658 domestica
1050 3603 1152 3658 loeditas
1162 3610 1235 3674 capnt
1246 3604 1279 3657 rei

300 3694 345 3752 rrt,
362 3695 511 3761 quapropter
528 3688 601 3744 etiam
617 3687 773 3743 intolerabilis
784 3688 873 3744 femina
891 3687 958 3743 dives
974 3686 1054 3746 audit:
1071 3686 1128 3741 hino
1138 3686 1214 3759 igitur
1224 3703 1279 3758 pro-

299 3770 356 3826 lecta
367 3774 444 3829 oratio
456 3774 481 3828 io
494 3781 633 3830 transcursu
644 3779 737 3828 turtum
748 3774 840 3828 maritis
851 3770 966 3827 moechos
977 3771 1089 3841 opponit,
1102 3771 1131 3827 ad
1143 3787 1204 3842 quos
1214 3770 1279 3828 solos
