3434 4575
363 477 407 543 82
687 477 732 540 M.
748 476 841 539 VAL.
857 477 1084 538 MARTIALIS

492 630 560 690 Non
577 635 738 710 expectato
754 628 807 690 det
821 631 895 689 mihi
911 629 990 689 fama
1004 648 1089 707 rogo.

448 715 507 776 Est
523 721 556 774 et
569 715 602 773 in
615 715 675 774 hoe
691 712 823 791 ahquid:
844 713 923 773 vidit
936 733 985 773 me
999 714 1096 773 Roma
1110 716 1273 780 tribunum
1307 752 1311 760 ·

408 809 442 863 10
489 799 531 859 Et
547 797 642 859 sedeo
658 819 718 877 que
736 805 769 858 te
784 799 913 858 suscitat
929 797 1078 859 Oceanus.

451 883 533 960 Quot
548 884 623 943 mihi
638 883 792 943 Caesareo
807 882 883 942 facti
898 889 969 942 sunt
984 899 1111 942 munere
1128 883 1232 964 cives,

492 968 556 1027 Nec
571 965 700 1027 famulor
716 966 847 1028 totidem
863 968 1002 1047 suspicor
1017 985 1086 1026 esse
1102 966 1172 1030 tibi.

450 1051 513 1112 Sed
527 1050 718 1131 predicaris,
739 1051 796 1111 sed
808 1048 957 1131 pulchre,
980 1048 1134 1128 Naevole,
1158 1071 1271 1115 ceree:

491 1137 553 1196 Iam
566 1137 626 1195 iam
640 1141 675 1196 tu
688 1136 776 1214 prior
790 1154 838 1212 es,
861 1132 1013 1194 Neevole:
1034 1136 1148 1214 vIneIr,
1172 1157 1238 1199 eve.

836 1269 943 1332 XCVI.

450 1385 573 1462 Lingis,
593 1403 655 1443 non
670 1384 764 1443 futuis
779 1381 1025 1463 meampuellam

450 1469 492 1530 Et
507 1468 605 1546 garris
623 1469 709 1545 quasi
724 1468 871 1527 moechus
886 1475 919 1527 et
933 1469 1062 1527 fututor.

451 1552 484 1612 Si
499 1557 531 1612 te
546 1551 721 1631 prendere,
744 1549 881 1630 Gargar,
905 1551 1030 1612 tacebis.

827 1685 949 1748 XCVII.

449 1799 496 1861 Ne
510 1796 595 1878 legat
608 1800 690 1858 hunc
705 1799 842 1876 chione,
865 1796 975 1857 mando
991 1799 1065 1876 tibi,
1085 1799 1182 1879 Rufe,
1203 1799 1357 1866 libellum.

494 1884 637 1945 Carmine
650 1882 736 1944 laena
750 1901 818 1943 meo
834 1889 899 1960 est,
919 1881 1048 1942 laedere
1063 1889 1096 1942 et
1110 1882 1164 1944 Ille
1179 1891 1297 1967 potest,

823 2016 957 2080 XCVIII.

452 2134 500 2195 Sit
514 2134 600 2194 culus
614 2135 673 2195 tibi
688 2153 777 2212 quem
792 2151 895 2193 macer
909 2134 1066 2212 requiris?

452 2217 622 2279 Paedicare
637 2224 744 2299 poter,
766 2215 908 2295 Sabelle,
931 2216 1009 2278 culo.

834 2351 941 2412 XCIX.

452 2465 546 2526 Irasci
560 2471 667 2525 nostro
682 2484 745 2525 non
760 2464 873 2542 debes,
896 2464 1009 2543 cerdo,
1030 2463 1150 2527 libello.

495 2549 554 2609 Ars
570 2555 637 2628 tua,
658 2568 720 2609 non
734 2550 797 2610 vite
812 2554 860 2609 est
874 2550 1009 2609 carmine
1024 2547 1108 2609 laesa
1122 2567 1201 2609 meo.

452 2633 521 2692 Non
535 2652 650 2694 nocuo·
664 2636 812 2715 permiste
827 2631 918 2695 sales.
951 2634 1015 2695 Cur
1028 2631 1138 2693 ludere
1153 2634 1246 2694 nobis

494 2718 563 2777 Non
577 2716 688 2799 liceat,
707 2718 796 2780 licuit
811 2720 836 2778 si
850 2717 989 2798 iugulere
1006 2717 1085 2777 tibie
1165 2798 1166 2801 Ἴ

870 2854 904 2913 C.

453 2964 620 3024 Cursorem
637 2972 722 3026 sexta
735 2966 811 3043 tihi,
832 2964 929 3042 Rufe,
950 2965 1123 3024 remisImus
1142 2963 1239 3044 hora,

496 3048 639 3108 CarmIne
654 3068 745 3127 quem
759 3046 913 3107 madidum
928 3055 1033 3108 nostra
1049 3046 1158 3108 tuIIsse
1173 3068 1261 3111 reor.

452 3131 604 3193 Imbribus
618 3131 790 3191 immodIcis
805 3130 924 3191 eaelum
940 3152 1009 3191 nam
1027 3132 1110 3193 forte
1124 3134 1247 3193 ruebat.

494 3216 563 3280 Non
579 3216 672 3277 aliter
689 3216 769 3276 mitti
786 3214 894 3274 debuit
908 3217 968 3277 iste
983 3214 1072 3277 liber.

805 3444 982 3462 §mm-'un
