3434 4575
578 479 922 541 EPIGRAMMATON
935 480 1009 542 LIB.
1028 480 1107 544 VIII.
1304 476 1365 547 177

402 628 472 688 Non
488 632 558 687 sunt
573 627 650 687 haec
665 629 837 706 hominum,
861 616 1061 706 Germanice,
1086 627 1195 707 gaudia
1210 636 1344 708 tantum,

448 710 512 770 sed
525 711 643 770 faciunt
657 713 717 791 ipsi
731 731 829 789 nunc,
849 718 943 792 puto,
965 731 1051 771 sacra
1066 712 1127 776 dei.

823 845 861 907 V.

404 963 483 1021 Dum
499 958 610 1037 donas,
633 958 757 1036 Macer,
778 959 887 1019 anulos
902 958 1031 1039 puellis,

403 1045 536 1121 Desisti,
558 1043 682 1120 Macer,
706 1041 813 1102 anulos
828 1043 955 1104 habere.

819 1175 870 1238 Vl.

402 1288 591 1366 Archetypis
606 1285 701 1346 vetuli
714 1287 793 1347 nihil
807 1294 856 1347 est
872 1287 1008 1347 odiosius
1022 1287 1114 1349 Eucti

445 1373 592 1432 —Ficta
607 1371 774 1448 Saguntino
790 1373 910 1451 cymbia
925 1371 1006 1431 malo
1020 1373 1085 1432 luto
1100 1405 1159 1452 ——,

402 1458 536 1535 Argenti
549 1455 667 1514 fumosa
682 1457 728 1514 sui
744 1476 813 1515 cum
827 1463 988 1516 stemmata
1004 1464 1110 1517 narrat

447 1537 597 1601 Garrulus
613 1544 646 1598 et
660 1542 762 1600 verbis
777 1538 897 1599 mucida
912 1542 981 1599 vina
996 1540 1081 1600 facit.

381 1622 678 1703 5„Laomedonteae
693 1623 819 1683 fuerant
832 1625 910 1683 hacc
925 1623 1037 1703 pocula
1051 1643 1191 1686 mensae:

445 1709 560 1768 Ferret
574 1712 608 1766 ut
621 1707 716 1785 haec,
737 1726 841 1767 muros
857 1708 970 1766 struxit
983 1706 1096 1787 Apollo
1110 1707 1188 1788 lyra.

402 1793 472 1852 Hoc
490 1798 612 1851 cratere
627 1790 716 1850 ferox
732 1792 884 1850 commisit
898 1789 1015 1869 praelia
1029 1792 1173 1852 Rhoecus
1295 1787 1299 1794 ’

447 1877 524 1937 (lum
541 1875 697 1954 Lapithis:
719 1893 821 1955 pugna
835 1873 940 1934 debile
955 1877 1058 1934 cernis
1074 1894 1160 1956 opus.

401 1961 445 2020 Hi
461 1959 521 2018 duo
535 1957 686 2036 longaevo
706 1965 874 2018 censentur
889 1958 1022 2018 Nestore
1036 1958 1139 2020 fundi:

361 2054 396 2107 lo
444 2042 565 2103 Pollice
582 2041 621 2102 de
636 2041 725 2122 Pylio
740 2045 816 2102 trita
833 2041 972 2102 columba
987 2044 1075 2104 nitet.

402 2129 463 2188 Hic
478 2128 612 2207 scyphus
627 2134 692 2204 est,
713 2127 746 2186 in
762 2147 822 2205 quo
837 2127 961 2186 misceri
975 2129 1066 2186 iussit
1081 2129 1186 2189 amicis

445 2211 575 2290 Largius
591 2210 743 2270 Aeacides
757 2210 950 2291 vividiusque
964 2230 1092 2272 merum.

403 2298 470 2357 Hac
484 2298 661 2377 propinavit
675 2296 775 2355 Bitiae
791 2295 1001 2376 pulcherrIma
1014 2296 1094 2357 Dido

403 2430 405 2434 .
445 2382 480 2440 In
493 2390 616 2459 patera,
639 2380 774 2458 Phrygio
790 2400 858 2439 cum
874 2380 945 2440 data
959 2400 1034 2440 cena
1048 2383 1114 2442 viro
1133 2382 1212 2443 est.“

361 2473 394 2525 15
402 2465 535 2524 Miratus
550 2464 648 2522 fueris
664 2482 730 2521 cum
748 2464 851 2542 prisca
865 2469 1038 2523 toreumata
1053 2464 1197 2544 multum,

445 2549 479 2607 In
492 2548 607 2606 Priami
623 2544 752 2605 calathis
766 2546 953 2626 Astyanacta
967 2549 1064 2609 bibes.

813 2695 877 2757 VII.

403 2810 472 2869 Hoc
486 2828 580 2888 agere
600 2816 649 2870 est
663 2829 784 2886 causas,
805 2810 866 2870 hoc
883 2808 1006 2887 dicere,
1029 2810 1145 2889 Cinna,
1168 2810 1286 2873 diserte

443 2894 555 2970 Horis,
578 2895 692 2972 cinna,
710 2893 818 2953 decern
834 2893 941 2954 dicere
956 2895 1050 2953 verba
1063 2895 1195 2955 novem?
1226 2890 1228 2893 ⁴

405 2976 467 3037 Sed
483 2978 573 3038 modo
589 2976 769 3058 clepsydras
786 2979 906 3056 ingenti
920 2997 996 3038 voce
1011 2980 1119 3059 petisti

449 3063 610 3137 Quattuor.
642 3063 847 3141 Oquantum,
871 3064 985 3142 Cinna,
1007 3069 1112 3124 tacere
1126 3064 1233 3144 potes!

804 3197 884 3260 VIII.

402 3306 593 3385 Principium
609 3306 683 3384 dea,
704 3308 792 3384 Iane,
813 3306 891 3366 licet
904 3306 1060 3367 velocibus
1076 3307 1179 3385 annis,
1306 3382 1308 3386 .

444 3390 486 3448 nt
501 3406 633 3449 renoves
646 3388 732 3449 voltu
745 3388 869 3465 saecula
882 3390 974 3468 longa
987 3395 1060 3464 tao;

403 3472 451 3531 Te
467 3471 600 3549 primum
614 3474 666 3552 pia
679 3477 749 3531 tura
763 3478 892 3549 rogent,
915 3479 948 3532 te
962 3480 1033 3532 vota
1047 3470 1197 3549 salutent,

444 3555 586 3633 Purpura
600 3561 632 3615 te
647 3553 740 3633 felir,
761 3562 794 3616 te
810 3553 893 3626 colat
907 3556 1005 3615 omnis
1020 3558 1134 3617 honos:

380 3638 455 3701 aTu
470 3645 573 3697 tamen
587 3640 647 3699 hoc
663 3641 772 3718 mavis,
792 3639 900 3701 Latiae
919 3639 1003 3719 quod
1018 3641 1149 3718 contigit
1162 3638 1248 3719 urbi,

443 3722 556 3783 Mense
570 3730 624 3784 tuo
641 3724 807 3805 reducem,
828 3724 918 3803 Iane,
941 3724 1050 3786 videre
1066 3723 1166 3786 deum.

403 3808 512 3869 Maur.
1117 3808 1157 3869 12
