3434 4575
298 343 362 407 252
623 339 666 399 lt
683 338 774 400 VAL.
791 336 1018 398 MAR'l'lALlS

384 586 418 646 Si
431 586 519 665 prior
532 585 708 662 Euganeas,
730 488 894 657 Clllrrlellls,
915 579 1101 644 Helicaonis
1120 604 1197 647 oras

425 669 574 748 Pictaque
587 667 759 747 pampineis
773 664 889 723 videris
902 684 973 723 arva
988 666 1091 744 iugis,

383 754 496 814 Perfer
509 753 672 812 Atestinae
686 749 821 810 nondum
835 746 956 825 vulgata
973 747 1114 810 Sabinae

428 839 589 913 Carmina,
611 852 769 914 purpurea
783 832 839 891 sed
853 829 945 891 modo
961 829 1046 891 culta
1060 840 1149 913 toga.

364 922 431 985 5Ut
444 941 515 981 rosa
530 919 682 996 delectat,
705 918 832 977 metitur
846 933 924 994 quae
939 913 1057 994 pollice
1073 920 1205 1000 primo,

427 1005 478 1064 Sic
495 1024 572 1065 nova
585 1022 644 1063 nec
659 1009 762 1061 mento
778 999 905 1060 sordida
919 1001 1025 1059 charta
1039 1001 1138 1065 iuvat.

768 1115 877 1176 XCIV.

385 1217 454 1277 Non
468 1235 536 1276 mea
550 1214 706 1294 Massylus
724 1222 826 1276 servat
839 1215 976 1296 pomaria
990 1231 1145 1294 serpens,

426 1301 542 1378 Regius
558 1299 681 1359 Alcinoi
696 1319 754 1360 uec
769 1299 845 1359 mihi
859 1300 956 1358 servit
969 1315 1060 1376 ager,

386 1383 450 1444 Sed
464 1385 656 1443 Nomentana
672 1403 799 1444 securus
814 1384 966 1461 germinat
979 1381 1092 1440 hortus

427 1467 567 1545 Arbore,
589 1486 646 1526 uec
661 1467 763 1528 furem
775 1466 919 1547 plumbea
932 1463 1011 1524 mala
1026 1464 1154 1525 timent.

363 1551 474 1613 5Haec
489 1552 584 1628 igitur
599 1550 700 1612 media
714 1569 792 1630 quae
806 1558 879 1609 sunt
892 1548 982 1608 modo
997 1553 1071 1607 nata
1085 1547 1216 1609 Subura

428 1635 582 1696 Mittimus
598 1637 752 1696 auctumni
767 1653 859 1695 cerea
875 1628 1051 1713 poma'mei.

772 1767 868 1827 XCV.

384 1868 536 1929 infantem
551 1870 610 1928 tibi
623 1869 687 1945 vir,
709 1869 785 1942 tibi,
806 1863 899 1926 Galla
913 1863 1033 1922 remisit
1048 1861 1187 1924 adulter.

428 1954 487 2030 Hi,
508 1957 601 2031 puto,
623 1972 685 2010 nou
700 1950 793 2010 dubie
808 1967 842 2008 se
858 1948 989 2008 futuisse
1004 1953 1132 2024 negant.

765 2083 874 2144 XCVI.

386 2184 486 2262 Saepe
501 2181 611 2259 loquar
624 2182 749 2239 nimium
767 2190 877 2258 gentes
893 2181 990 2262 quod,
1012 2181 1121 2256 Avite,
1144 2188 1297 2259 remotus,

427 2266 569 2342 Miraris,
590 2264 677 2324 Latia
690 2263 789 2325 factus
803 2267 837 2326 in
853 2270 932 2328 urbe
947 2284 1057 2343 senex,

385 2349 625 2426 Auriferumque
641 2349 758 2428 Tagum
773 2352 875 2410 sitiam
889 2353 1085 2431 patriumque
1099 2348 1250 2409 Salonem

428 2435 470 2492 Et
484 2440 625 2513 repetam
638 2440 761 2494 saturae
777 2434 903 2495 sordida
918 2455 990 2494 rura
1005 2452 1105 2494 casae.

364 2515 446 2577 billa
459 2515 564 2597 placet
578 2518 689 2597 tellus,
711 2520 744 2577 iu
760 2540 818 2597 qua
835 2537 888 2578 res
902 2538 994 2598 parva
1006 2518 1132 2576 beatum

429 2603 483 2663 Me
498 2603 573 2663 facit
590 2610 623 2662 et
637 2611 747 2663 tenues
765 2602 959 2662 luxuriantur
974 2620 1058 2680 opes.

385 2686 527 2747 Pascitur
542 2688 612 2765 hic,
633 2689 677 2747 ibi
692 2688 791 2768 pascit
806 2706 896 2765 ager;
918 2691 1007 2765 tepet
1020 2686 1093 2762 igne
1108 2682 1246 2761 maligno

429 2772 489 2831 Hic
504 2772 608 2844 focus,
630 2772 750 2847 ingenti
765 2769 882 2830 lumine
896 2769 982 2830 lucet
996 2769 1050 2828 ibi.

386 2856 446 2913 Hic
462 2854 598 2932 pretiosa
613 2853 709 2913 fames
725 2856 987 2932 conturbatorque
1003 2850 1171 2923 macellus;

344 2948 379 2999 10
427 2937 536 2996 Mense
551 2936 595 2994 ibi
609 2934 724 2997 divitiis
737 2940 819 2999 ruris
834 2945 944 3017 operta
959 2936 1015 2997 sui.

387 3021 539 3095 Quattuor
553 3019 605 3077 hic
620 3027 737 3080 aestate
750 3030 840 3101 togae
855 3021 1002 3102 pluresve
1016 3026 1182 3092 teruntur3

428 3103 609 3162 Auctumnis
626 3105 670 3164 ibi
686 3124 734 3164 me
749 3112 894 3184 quattuor
907 3125 967 3165 una
981 3104 1069 3181 tegit.

387 3185 415 3262 l,
438 3184 506 3245 cole
522 3207 603 3246 nunc
617 3207 725 3266 reges,
748 3189 900 3268 quidquid
914 3209 975 3247 non
990 3192 1131 3268 praestat
1148 3188 1269 3245 amicus

430 3270 506 3329 Cum
522 3279 682 3350 praestare
698 3274 756 3333 tibi
769 3275 884 3353 possit,
908 3274 1015 3350 Avito,
1035 3269 1136 3333 locus.

764 3405 885 3469 xcvll.

383 3498 462 3558 Dum
478 3499 555 3563 levis
570 3523 675 3563 arsura
688 3505 819 3563 struitur
832 3503 968 3564 Libitina
980 3523 1114 3584 papyro,

427 3584 504 3644 Dum
520 3588 675 3665 myrrham
689 3594 723 3648 et
738 3588 849 3647 casiam
864 3587 979 3648 flebilis
996 3607 1073 3647 uxor
1088 3590 1184 3667 emit,
