3434 4575
408 478 427 539 6
839 486 953 534 rnncrr

409 629 481 704 Quis
504 628 602 706 potior
624 626 727 703 iudex,
754 628 891 705 puerisve
915 630 978 705 quis
1001 629 1095 706 aptior
1118 627 1218 687 orbis?
1355 641 1390 693 20
1462 629 1464 633 ’

408 713 472 773 lloc
494 713 597 789 igitur,
623 727 680 789 quo
706 719 736 770 tu
760 711 838 771 lovis
862 729 960 770 aurem
982 711 1133 789 impellere
1160 721 1293 790 temptas,

408 796 464 857 Dic
485 795 608 872 agedum
631 795 729 854 Staio:
752 812 811 872 pro
831 794 989 873 luppiter!
1009 815 1026 856 o
1049 797 1140 871 boue,
1166 797 1280 873 clamet,

408 880 565 959 luppiter!
585 887 614 938 at
635 897 703 938 sese
726 896 783 937 non
809 879 914 938 clamet
935 878 1065 957 luppiter
1088 877 1174 957 ipse‘l

407 963 561 1041 ignovisse
584 971 685 1040 putas,
710 964 793 1041 quia,
815 981 900 1041 quum
923 972 1018 1038 tonat,
1045 964 1126 1022 ocius
1148 964 1208 1023 ilex

409 1047 525 1107 Sullnre
549 1046 698 1106 discutitur
719 1057 804 1105 sacro
825 1064 909 1123 quam
930 1056 1018 1125 tuque
1042 1044 1221 1125 domusque?
1355 1061 1389 1112 25

409 1131 455 1190 An
477 1132 542 1208 quia
564 1147 620 1188 non
643 1129 722 1189 libris
745 1132 839 1188 ovium
862 1129 1055 1208 Ergennaque
1078 1131 1194 1190 iubente

410 1214 505 1274 Triste
532 1215 612 1273 iaces
637 1212 711 1272 lucis
734 1214 955 1292 evitandumque
977 1214 1115 1289 bidental,

408 1297 523 1359 Idcirco
546 1296 679 1356 stolidam
703 1297 825 1375 praebet
846 1298 897 1357 tibi
920 1298 1033 1358 vellere
1055 1298 1174 1358 barbam

408 1378 559 1460 luppiter?
582 1388 629 1439 aut
651 1381 784 1457 quidnam
807 1391 868 1456 est,
892 1400 947 1459 qna
971 1392 1000 1442 tu
1023 1382 1160 1442 mercede
1187 1382 1304 1442 deorum

408 1462 523 1526 Emeris
546 1462 711 1523 auriculas?
733 1463 870 1542 pulmone
892 1475 921 1524 et
942 1465 1065 1525 lactrlnus
1088 1464 1202 1525 unctls'l
1354 1478 1390 1531 30

450 1548 531 1608 Ecce
553 1549 617 1608 avia
639 1556 687 1606 aut
709 1558 839 1608 metuens
863 1549 956 1609 divum
978 1559 1133 1609 matertera
1156 1552 1236 1609 cunis

379 1632 523 1691 ·Exemit
546 1649 682 1708 puerum,
705 1632 887 1710 lrontemque
912 1643 998 1712 atque
1021 1634 1075 1694 uda
1097 1632 1204 1693 labella

407 1714 509 1776 lniami
535 1714 625 1791 digito
649 1725 677 1775 et
702 1716 869 1776 lustralibus
891 1726 957 1776 ante
980 1718 1078 1777 salivis

407 1797 530 1878 Expiet,
554 1808 672 1859 urentes
697 1800 799 1860 oculos
822 1801 951 1860 inhibere
975 1804 1083 1879 perita;

408 1883 489 1944 'l'nnc
511 1883 640 1943 manibus
665 1886 755 1962 quatit
781 1894 810 1944 et
835 1903 917 1961 spem
939 1903 1063 1945 macram
1085 1885 1218 1962 supplice
1240 1891 1310 1941 voto
1353 1891 1389 1944 35

407 1967 491 2028 Nunc
513 1967 602 2027 licini
623 1970 651 2026 in
675 1986 809 2046 campos,
833 1987 907 2027 nunc
930 1967 1028 2028 Crassi
1050 1970 1132 2028 mittit
1153 1970 1181 2026 in
1203 1968 1308 2027 aedes:

407 2052 489 2112 llunc
513 2060 594 2129 optet
619 2070 758 2128 generum
780 2070 834 2110 rex
856 2061 886 2110 et
908 2054 1024 2128 regina;
1052 2052 1168 2129 puellae

407 2136 489 2196 llunc
510 2137 637 2212 rapiant;
660 2135 796 2214 quidquid
819 2134 976 2194 calcaverit
997 2136 1060 2209 hic,
1082 2152 1149 2195 rosa
1173 2134 1235 2194 liat!

408 2220 462 2279 Ast
486 2235 543 2296 ego
563 2219 666 2278 nutrici
688 2235 744 2276 non
766 2218 869 2278 mando
892 2227 974 2286 votam
995 2227 1115 2296 negato,

407 2304 554 2382 luppiter,
577 2303 650 2362 haec
669 2303 726 2377 illi,
753 2305 882 2382 quamvis
905 2312 934 2362 te
959 2302 1053 2362 albata
1070 2306 1194 2380 rogarit.
1353 2311 1389 2365 40

407 2388 509 2448 Poscis
531 2403 617 2464 opem
639 2389 736 2445 nervis
759 2403 925 2464 corpusque
944 2386 1031 2447 lidele
1053 2397 1205 2447 senectae:

408 2470 480 2531 Esto
504 2488 574 2547 age;
598 2470 650 2529 sed
672 2471 799 2547 grandes
822 2472 938 2548 patinae
960 2480 1134 2550 tuccetaque
1157 2489 1255 2531 crassa

408 2555 545 2616 Adnuere
567 2552 612 2613 his
633 2571 756 2632 superos
779 2563 900 2614 vetuere
921 2554 1078 2632 lovemque
1098 2565 1252 2615 morantur.

407 2639 480 2699 Rem
502 2648 615 2698 struere
637 2647 761 2717 exoptas
784 2656 872 2698 caeso
895 2639 987 2713 bove,
1009 2638 1241 2717 Mercuriumque

408 2723 547 2782 locensis
570 2722 657 2782 libra:
682 2725 724 2784 do
743 2724 906 2801 fonunare
927 2722 1066 2797 Penates,
1353 2732 1387 2784 46

407 2805 460 2868 Da
480 2823 578 2884 pecus
599 2814 628 2867 et
645 2809 792 2886 gregibus
811 2808 923 2885 fetum!
949 2824 1022 2885 quo,
1046 2809 1188 2884 pessime,
1212 2816 1314 2884 pacto,

409 2890 465 2951 'l'ot
486 2889 536 2949 tibi
559 2908 643 2967 quum
663 2893 691 2949 in
714 2890 840 2950 llammas
864 2893 986 2950 iunicum
1009 2900 1122 2949 omenta
1145 2886 1327 2968 liquescant?

408 2976 448 3035 m
467 2983 562 3034 tamen
584 2975 631 3033 hic
655 2976 729 3033 extis
752 2985 781 3033 et
804 2977 900 3052 opimo
922 2976 1040 3033 vincere
1062 2974 1137 3033 lerto

408 3058 547 3120 lntendit:
569 3060 632 3119 iam
653 3061 765 3119 crescit
785 3077 876 3136 uper,
897 3060 959 3119 ium
981 3061 1094 3121 erescit
1114 3060 1207 3135 colle,

408 3144 477 3205 lam
498 3143 638 3216 dubitur,
658 3143 736 3216 ium,
758 3143 838 3202 iam!
865 3143 960 3202 donec
981 3142 1123 3223 deceptus
1143 3151 1172 3202 et
1191 3162 1299 3222 exspes
1353 3155 1388 3205 50

408 3226 604 3306 Nequiquam:
624 3226 738 3303 fundo,
761 3227 903 3303 suspiret,
925 3245 1063 3287 nummus
1083 3228 1115 3286 io
1135 3228 1212 3288 imo!

452 3312 482 3371 Si
503 3310 553 3369 tibi
577 3319 719 3369 creterras
741 3311 853 3386 argenti
876 3312 1032 3387 incusaque
1055 3313 1154 3387 pingui

410 3395 490 3454 Auro
513 3394 587 3453 dona
610 3394 716 3466 leram,
740 3394 827 3453 sudes
851 3403 881 3452 et
902 3403 1023 3471 pectore
1048 3393 1132 3452 laevo

410 3478 547 3538 Excutias
569 3487 681 3555 guttas,
706 3478 806 3537 laetari
828 3478 1043 3555 praetrepidum
1067 3494 1127 3535 cor.

410 3561 482 3621 llinc
505 3562 576 3621 illud
598 3561 701 3635 subiit,
725 3578 795 3621 auro
818 3579 917 3620 sacras
940 3561 1017 3638 quod
1040 3570 1126 3619 ovato
1350 3567 1385 3621 55

410 3644 547 3705 Perducis
569 3645 676 3712 iacies:
699 3664 762 3704 nam
784 3645 888 3705 iratres
911 3646 985 3703 inter
1007 3661 1097 3703 aenos

411 3729 526 3790 Somnia
549 3730 648 3806 pituita
670 3731 718 3806 qui
739 3730 938 3806 purgatissima
960 3730 1080 3795 mittunt,
