<?xml version="1.0" encoding="UTF-8"?>
<!DOCTYPE html PUBLIC "-//W3C//DTD XHTML 1.0 Transitional//EN"
    "http://www.w3.org/TR/xhtml1/DTD/xhtml1-transitional.dtd">
<html xmlns="http://www.w3.org/1999/xhtml" xml:lang="en" lang="en">
 <head>
  <title>
</title>
<meta http-equiv="Content-Type" content="text/html;charset=utf-8" />
  <meta name='ocr-system' content='tesseract 3.04.00' />
  <meta name='ocr-capabilities' content='ocr_page ocr_carea ocr_par ocr_line ocrx_word'/>
</head>
<body>
  <div class='ocr_page' id='page_1' title='image "./satirarumlibriq00juvegoog_0494.png"; bbox 0 0 3434 4575; ppageno 0'>
   <div class='ocr_carea' id='block_1_1' title="bbox 381 329 1110 396">
    <p class='ocr_par' dir='ltr' id='par_1_1' title="bbox 381 329 1110 396">
     <span class='ocr_line' id='line_1_1' title="bbox 381 329 1110 396; baseline 0 0"><span class='ocrx_word' id='word_1_1' title='bbox 381 329 446 396; x_wconf 74' lang='lat'>292</span> <span class='ocrx_word' id='word_1_2' title='bbox 704 331 750 394; x_wconf 72' lang='lat' dir='ltr'>bl</span> <span class='ocrx_word' id='word_1_3' title='bbox 765 332 858 396; x_wconf 70' lang='lat' dir='ltr'>viu</span> <span class='ocrx_word' id='word_1_4' title='bbox 874 332 1110 396; x_wconf 75' lang='lat' dir='ltr'>MAB&#39;l&#39;lALlS</span> 
     </span>
    </p>
   </div>
   <div class='ocr_carea' id='block_1_2' title="bbox 829 535 970 597">
    <p class='ocr_par' dir='ltr' id='par_1_2' title="bbox 829 535 970 597">
     <span class='ocr_line' id='line_1_2' title="bbox 829 535 970 597; baseline 0 0"><span class='ocrx_word' id='word_1_5' title='bbox 829 535 970 597; x_wconf 77' lang='lat' dir='ltr'>xxxvl</span> 
     </span>
    </p>
   </div>
   <div class='ocr_carea' id='block_1_3' title="bbox 424 646 1193 1734">
    <p class='ocr_par' dir='ltr' id='par_1_3' title="bbox 467 646 1023 727">
     <span class='ocr_line' id='line_1_3' title="bbox 467 646 1023 727; baseline -0.002 -18"><span class='ocrx_word' id='word_1_6' title='bbox 467 649 576 709; x_wconf 82' lang='lat' dir='ltr'>Libras</span> <span class='ocrx_word' id='word_1_7' title='bbox 592 652 754 727; x_wconf 83' lang='lat' dir='ltr'>quattuor,</span> <span class='ocrx_word' id='word_1_8' title='bbox 770 654 822 707; x_wconf 89' lang='lat' dir='ltr'>aut</span> <span class='ocrx_word' id='word_1_9' title='bbox 836 646 911 707; x_wconf 82' lang='lat' dir='ltr'>duas</span> <span class='ocrx_word' id='word_1_10' title='bbox 926 648 1023 708; x_wconf 87' lang='lat' dir='ltr'>umico</span> 
     </span>
    </p>

    <p class='ocr_par' dir='ltr' id='par_1_4' title="bbox 466 730 1174 818">
     <span class='ocr_line' id='line_1_4' title="bbox 466 730 1174 818; baseline 0.001 -25"><span class='ocrx_word' id='word_1_11' title='bbox 466 733 692 812; x_wconf 72' lang='lat' dir='ltr'><strong>Algentemque</strong></span> <span class='ocrx_word' id='word_1_12' title='bbox 705 737 808 810; x_wconf 78' lang='lat' dir='ltr'>togam</span> <span class='ocrx_word' id='word_1_13' title='bbox 823 733 1011 811; x_wconf 76' lang='lat' dir='ltr'>brevemque</span> <span class='ocrx_word' id='word_1_14' title='bbox 1024 730 1174 818; x_wconf 81' lang='lat' dir='ltr'>laenam,</span> 
     </span>
    </p>

    <p class='ocr_par' dir='ltr' id='par_1_5' title="bbox 464 814 1084 895">
     <span class='ocr_line' id='line_1_5' title="bbox 464 814 1084 895; baseline 0 -18"><span class='ocrx_word' id='word_1_15' title='bbox 464 814 623 877; x_wconf 86' lang='lat' dir='ltr'><strong>Interdum</strong></span> <span class='ocrx_word' id='word_1_16' title='bbox 639 815 780 876; x_wconf 86' lang='lat' dir='ltr'>unreolos</span> <span class='ocrx_word' id='word_1_17' title='bbox 795 835 885 876; x_wconf 85' lang='lat' dir='ltr'>manu</span> <span class='ocrx_word' id='word_1_18' title='bbox 900 822 1084 895; x_wconf 84' lang='lat' dir='ltr'>crepantes,</span> 
     </span>
    </p>

    <p class='ocr_par' dir='ltr' id='par_1_6' title="bbox 444 898 1132 1064">
     <span class='ocr_line' id='line_1_6' title="bbox 465 898 1068 980; baseline 0.002 -20"><span class='ocrx_word' id='word_1_19' title='bbox 465 901 591 960; x_wconf 75' lang='lat' dir='ltr'>Possint</span> <span class='ocrx_word' id='word_1_20' title='bbox 608 898 723 959; x_wconf 88' lang='lat' dir='ltr'>ducere</span> <span class='ocrx_word' id='word_1_21' title='bbox 739 900 793 977; x_wconf 91' lang='lat' dir='ltr'>qui</span> <span class='ocrx_word' id='word_1_22' title='bbox 808 898 883 959; x_wconf 80' lang='lat' dir='ltr'>dnus</span> <span class='ocrx_word' id='word_1_23' title='bbox 896 898 1068 980; x_wconf 76' lang='lat' dir='ltr'>Kalendae,</span> 
     </span>
     <span class='ocr_line' id='line_1_7' title="bbox 444 982 1132 1064; baseline 0.001 -18"><span class='ocrx_word' id='word_1_24' title='bbox 444 983 559 1061; x_wconf 80' lang='lat' dir='ltr'>anod</span> <span class='ocrx_word' id='word_1_25' title='bbox 571 1003 678 1060; x_wconf 90' lang='lat' dir='ltr'>nemo,</span> <span class='ocrx_word' id='word_1_26' title='bbox 701 984 761 1042; x_wconf 86' lang='lat' dir='ltr'>nisi</span> <span class='ocrx_word' id='word_1_27' title='bbox 774 990 825 1061; x_wconf 93' lang='lat' dir='ltr'>tu,</span> <span class='ocrx_word' id='word_1_28' title='bbox 845 983 991 1060; x_wconf 78' lang='lat' dir='ltr'>Labulle,</span> <span class='ocrx_word' id='word_1_29' title='bbox 1013 982 1132 1064; x_wconf 83' lang='lat' dir='ltr'>donas,</span> 
     </span>
    </p>

    <p class='ocr_par' dir='ltr' id='par_1_7' title="bbox 465 1066 1193 1150">
     <span class='ocr_line' id='line_1_8' title="bbox 465 1066 1193 1150; baseline 0.008 -23"><span class='ocrx_word' id='word_1_30' title='bbox 465 1069 536 1128; x_wconf 91' lang='lat' dir='ltr'>Non</span> <span class='ocrx_word' id='word_1_31' title='bbox 551 1087 602 1145; x_wconf 91' lang='lat' dir='ltr'>es,</span> <span class='ocrx_word' id='word_1_32' title='bbox 624 1067 718 1127; x_wconf 89' lang='lat' dir='ltr'>crede</span> <span class='ocrx_word' id='word_1_33' title='bbox 730 1068 824 1144; x_wconf 90' lang='lat' dir='ltr'>mihi,</span> <span class='ocrx_word' id='word_1_34' title='bbox 845 1069 952 1128; x_wconf 90' lang='lat' dir='ltr'>bonus.</span> <span class='ocrx_word' id='word_1_35' title='bbox 985 1066 1069 1144; x_wconf 76' lang='lat' dir='ltr'>Quid</span> <span class='ocrx_word' id='word_1_36' title='bbox 1083 1073 1193 1150; x_wconf 73' lang='lat' dir='ltr'>ergo?</span> 
     </span>
    </p>

    <p class='ocr_par' dir='ltr' id='par_1_8' title="bbox 466 1149 1153 1231">
     <span class='ocr_line' id='line_1_9' title="bbox 466 1149 1153 1231; baseline 0.006 -18"><span class='ocrx_word' id='word_1_37' title='bbox 466 1153 510 1213; x_wconf 89' lang='lat' dir='ltr'>Ut</span> <span class='ocrx_word' id='word_1_38' title='bbox 523 1171 629 1212; x_wconf 87' lang='lat' dir='ltr'>verum</span> <span class='ocrx_word' id='word_1_39' title='bbox 642 1149 769 1231; x_wconf 87' lang='lat' dir='ltr'>loquar,</span> <span class='ocrx_word' id='word_1_40' title='bbox 790 1153 924 1231; x_wconf 90' lang='lat' dir='ltr'>optimus</span> <span class='ocrx_word' id='word_1_41' title='bbox 939 1150 1090 1214; x_wconf 83' lang='lat' dir='ltr'>mulorum</span> <span class='ocrx_word' id='word_1_42' title='bbox 1105 1173 1153 1216; x_wconf 84' lang='lat' dir='ltr'>es.</span> 
     </span>
    </p>

    <p class='ocr_par' dir='ltr' id='par_1_9' title="bbox 466 1235 1066 1314">
     <span class='ocr_line' id='line_1_10' title="bbox 466 1235 1066 1314; baseline 0 -18"><span class='ocrx_word' id='word_1_43' title='bbox 466 1237 596 1296; x_wconf 89' lang='lat' dir='ltr'>Pisones</span> <span class='ocrx_word' id='word_1_44' title='bbox 611 1237 808 1313; x_wconf 78' lang='lat' dir='ltr'>Senecasque</span> <span class='ocrx_word' id='word_1_45' title='bbox 822 1235 1066 1314; x_wconf 81' lang='lat' dir='ltr'>Memmiosque,</span> 
     </span>
    </p>

    <p class='ocr_par' dir='ltr' id='par_1_10' title="bbox 424 1317 1101 1483">
     <span class='ocr_line' id='line_1_11' title="bbox 465 1317 1101 1399; baseline 0.002 -19"><span class='ocrx_word' id='word_1_46' title='bbox 465 1321 508 1380; x_wconf 89' lang='lat' dir='ltr'>Et</span> <span class='ocrx_word' id='word_1_47' title='bbox 521 1321 649 1398; x_wconf 80' lang='lat' dir='ltr'>Crispos</span> <span class='ocrx_word' id='word_1_48' title='bbox 664 1320 740 1378; x_wconf 90' lang='lat' dir='ltr'>mihi</span> <span class='ocrx_word' id='word_1_49' title='bbox 753 1317 870 1395; x_wconf 80' lang='lat' dir='ltr'>redde,</span> <span class='ocrx_word' id='word_1_50' title='bbox 890 1317 946 1378; x_wconf 91' lang='lat' dir='ltr'>sed</span> <span class='ocrx_word' id='word_1_51' title='bbox 958 1320 1101 1399; x_wconf 85' lang='lat' dir='ltr'>priores:</span> 
     </span>
     <span class='ocr_line' id='line_1_12' title="bbox 424 1399 1007 1483; baseline -0.003 -17"><span class='ocrx_word' id='word_1_52' title='bbox 424 1403 537 1466; x_wconf 85' lang='lat' dir='ltr'>10Fies</span> <span class='ocrx_word' id='word_1_53' title='bbox 551 1404 692 1483; x_wconf 88' lang='lat' dir='ltr'>protinus</span> <span class='ocrx_word' id='word_1_54' title='bbox 706 1399 832 1461; x_wconf 89' lang='lat' dir='ltr'>ultimus</span> <span class='ocrx_word' id='word_1_55' title='bbox 847 1403 1007 1465; x_wconf 87' lang='lat' dir='ltr'>bonorum.</span> 
     </span>
    </p>

    <p class='ocr_par' dir='ltr' id='par_1_11' title="bbox 465 1484 998 1565">
     <span class='ocr_line' id='line_1_13' title="bbox 465 1484 998 1565; baseline -0.004 -17"><span class='ocrx_word' id='word_1_56' title='bbox 465 1488 521 1551; x_wconf 91' lang='lat' dir='ltr'>Vis</span> <span class='ocrx_word' id='word_1_57' title='bbox 536 1505 627 1546; x_wconf 86' lang='lat' dir='ltr'>cursu</span> <span class='ocrx_word' id='word_1_58' title='bbox 640 1484 833 1565; x_wconf 86' lang='lat' dir='ltr'>pedibusque</span> <span class='ocrx_word' id='word_1_59' title='bbox 848 1485 998 1564; x_wconf 67' lang='lat' dir='ltr'>gloriari?</span> 
     </span>
    </p>

    <p class='ocr_par' dir='ltr' id='par_1_12' title="bbox 466 1568 1083 1649">
     <span class='ocr_line' id='line_1_14' title="bbox 466 1568 1083 1649; baseline 0.003 -19"><span class='ocrx_word' id='word_1_60' title='bbox 466 1570 586 1649; x_wconf 80' lang='lat' dir='ltr'>Tigrim</span> <span class='ocrx_word' id='word_1_61' title='bbox 599 1571 687 1630; x_wconf 82' lang='lat' dir='ltr'>vinee</span> <span class='ocrx_word' id='word_1_62' title='bbox 701 1568 864 1647; x_wconf 83' lang='lat' dir='ltr'>levemque</span> <span class='ocrx_word' id='word_1_63' title='bbox 878 1570 1083 1633; x_wconf 73' lang='lat' dir='ltr'>Passerinum.</span> 
     </span>
    </p>

    <p class='ocr_par' dir='ltr' id='par_1_13' title="bbox 465 1651 1057 1734">
     <span class='ocr_line' id='line_1_15' title="bbox 465 1651 1057 1734; baseline -0.002 -19"><span class='ocrx_word' id='word_1_64' title='bbox 465 1653 558 1715; x_wconf 87' lang='lat' dir='ltr'>Nulla</span> <span class='ocrx_word' id='word_1_65' title='bbox 573 1662 621 1715; x_wconf 83' lang='lat' dir='ltr'>est</span> <span class='ocrx_word' id='word_1_66' title='bbox 635 1653 733 1733; x_wconf 83' lang='lat' dir='ltr'>gloria</span> <span class='ocrx_word' id='word_1_67' title='bbox 745 1655 921 1734; x_wconf 85' lang='lat' dir='ltr'>praeterire</span> <span class='ocrx_word' id='word_1_68' title='bbox 935 1651 1057 1714; x_wconf 89' lang='lat' dir='ltr'>asellos.</span> 
     </span>
    </p>
   </div>
   <div class='ocr_carea' id='block_1_4' title="bbox 823 1801 974 1864">
    <p class='ocr_par' dir='ltr' id='par_1_14' title="bbox 823 1801 974 1864">
     <span class='ocr_line' id='line_1_16' title="bbox 823 1801 974 1864; baseline -0.007 -1"><span class='ocrx_word' id='word_1_69' title='bbox 823 1801 974 1864; x_wconf 87' lang='lat' dir='ltr'>XXXVII.</span> 
     </span>
    </p>
   </div>
   <div class='ocr_carea' id='block_1_5' title="bbox 464 1916 1012 2081">
    <p class='ocr_par' dir='ltr' id='par_1_15' title="bbox 464 1916 1012 2081">
     <span class='ocr_line' id='line_1_17' title="bbox 464 1916 960 1998; baseline -0.008 -18"><span class='ocrx_word' id='word_1_70' title='bbox 464 1919 597 1980; x_wconf 83' lang='lat' dir='ltr'>Nasutus</span> <span class='ocrx_word' id='word_1_71' title='bbox 611 1920 737 1980; x_wconf 89' lang='lat' dir='ltr'>nimium</span> <span class='ocrx_word' id='word_1_72' title='bbox 751 1920 837 1998; x_wconf 82' lang='lat' dir='ltr'>cupis</span> <span class='ocrx_word' id='word_1_73' title='bbox 851 1916 960 1979; x_wconf 81' lang='lat' dir='ltr'>videri.</span> 
     </span>
     <span class='ocr_line' id='line_1_18' title="bbox 464 1999 1012 2081; baseline -0.007 -17"><span class='ocrx_word' id='word_1_74' title='bbox 464 2003 612 2064; x_wconf 80' lang='lat' dir='ltr'>Nasutum</span> <span class='ocrx_word' id='word_1_75' title='bbox 625 2002 711 2080; x_wconf 84' lang='lat' dir='ltr'>volo,</span> <span class='ocrx_word' id='word_1_76' title='bbox 731 1999 804 2061; x_wconf 91' lang='lat' dir='ltr'>nolo</span> <span class='ocrx_word' id='word_1_77' title='bbox 818 2000 1012 2081; x_wconf 88' lang='lat' dir='ltr'>polyposum.</span> 
     </span>
    </p>
   </div>
   <div class='ocr_carea' id='block_1_6' title="bbox 822 2127 987 2190">
    <p class='ocr_par' dir='ltr' id='par_1_16' title="bbox 822 2127 987 2190">
     <span class='ocr_line' id='line_1_19' title="bbox 822 2127 987 2190; baseline 0.024 -5"><span class='ocrx_word' id='word_1_78' title='bbox 822 2127 987 2190; x_wconf 86' lang='lat' dir='ltr'>XXXVllI.</span> 
     </span>
    </p>
   </div>
   <div class='ocr_carea' id='block_1_7' title="bbox 464 2239 1310 2574">
    <p class='ocr_par' dir='ltr' id='par_1_17' title="bbox 466 2239 1304 2403">
     <span class='ocr_line' id='line_1_20' title="bbox 466 2239 1304 2322; baseline 0.007 -22"><span class='ocrx_word' id='word_1_79' title='bbox 466 2241 557 2301; x_wconf 85' lang='lat' dir='ltr'>Hune</span> <span class='ocrx_word' id='word_1_80' title='bbox 573 2239 625 2318; x_wconf 89' lang='lat' dir='ltr'>qni</span> <span class='ocrx_word' id='word_1_81' title='bbox 641 2239 785 2299; x_wconf 83' lang='lat' dir='ltr'>femineis</span> <span class='ocrx_word' id='word_1_82' title='bbox 799 2244 970 2319; x_wconf 86' lang='lat' dir='ltr'>noctesque</span> <span class='ocrx_word' id='word_1_83' title='bbox 986 2240 1115 2322; x_wconf 84' lang='lat' dir='ltr'>diesque</span> <span class='ocrx_word' id='word_1_84' title='bbox 1129 2242 1304 2307; x_wconf 70' lang='lat' dir='ltr'>cathedris</span> 
     </span>
     <span class='ocr_line' id='line_1_21' title="bbox 505 2322 1072 2403; baseline 0.005 -20"><span class='ocrx_word' id='word_1_85' title='bbox 505 2322 626 2383; x_wconf 85' lang='lat' dir='ltr'>incedit</span> <span class='ocrx_word' id='word_1_86' title='bbox 639 2329 705 2384; x_wconf 92' lang='lat' dir='ltr'>tota</span> <span class='ocrx_word' id='word_1_87' title='bbox 718 2330 810 2384; x_wconf 87' lang='lat' dir='ltr'>notus</span> <span class='ocrx_word' id='word_1_88' title='bbox 825 2325 857 2383; x_wconf 87' lang='lat' dir='ltr'>in</span> <span class='ocrx_word' id='word_1_89' title='bbox 871 2326 950 2385; x_wconf 88' lang='lat' dir='ltr'>urbe</span> <span class='ocrx_word' id='word_1_90' title='bbox 965 2328 1072 2403; x_wconf 87' lang='lat' dir='ltr'>nimis,</span> 
     </span>
    </p>

    <p class='ocr_par' dir='ltr' id='par_1_18' title="bbox 464 2407 1310 2574">
     <span class='ocr_line' id='line_1_22' title="bbox 464 2407 1310 2489; baseline 0.009 -23"><span class='ocrx_word' id='word_1_91' title='bbox 464 2407 559 2467; x_wconf 82' lang='lat' dir='ltr'>crine</span> <span class='ocrx_word' id='word_1_92' title='bbox 575 2408 694 2487; x_wconf 90' lang='lat' dir='ltr'>nitens,</span> <span class='ocrx_word' id='word_1_93' title='bbox 717 2409 807 2486; x_wconf 82' lang='lat' dir='ltr'>niger</span> <span class='ocrx_word' id='word_1_94' title='bbox 821 2416 994 2488; x_wconf 83' lang='lat' dir='ltr'>unguento,</span> <span class='ocrx_word' id='word_1_95' title='bbox 1014 2407 1199 2489; x_wconf 84' lang='lat' dir='ltr'>perlucidus</span> <span class='ocrx_word' id='word_1_96' title='bbox 1215 2420 1310 2477; x_wconf 86' lang='lat' dir='ltr'>ostro</span> 
     </span>
     <span class='ocr_line' id='line_1_23' title="bbox 505 2491 1208 2574; baseline 0.004 -22"><span class='ocrx_word' id='word_1_97' title='bbox 505 2491 569 2552; x_wconf 90' lang='lat' dir='ltr'>0re</span> <span class='ocrx_word' id='word_1_98' title='bbox 583 2498 691 2571; x_wconf 89' lang='lat' dir='ltr'>tener,</span> <span class='ocrx_word' id='word_1_99' title='bbox 711 2492 792 2554; x_wconf 90' lang='lat' dir='ltr'>latus</span> <span class='ocrx_word' id='word_1_100' title='bbox 805 2500 952 2572; x_wconf 87' lang='lat' dir='ltr'>pectore,</span> <span class='ocrx_word' id='word_1_101' title='bbox 972 2512 1063 2554; x_wconf 88' lang='lat' dir='ltr'>crure</span> <span class='ocrx_word' id='word_1_102' title='bbox 1079 2492 1208 2574; x_wconf 81' lang='lat' dir='ltr'>glaber,</span> 
     </span>
    </p>
   </div>
   <div class='ocr_carea' id='block_1_8' title="bbox 440 2575 1271 2744">
    <p class='ocr_par' dir='ltr' id='par_1_19' title="bbox 440 2575 1271 2744">
     <span class='ocr_line' id='line_1_24' title="bbox 440 2575 1271 2658; baseline 0.007 -22"><span class='ocrx_word' id='word_1_103' title='bbox 440 2575 561 2637; x_wconf 83' lang='lat' dir='ltr'>mbori</span> <span class='ocrx_word' id='word_1_104' title='bbox 578 2580 631 2658; x_wconf 91' lang='lat' dir='ltr'>qui</span> <span class='ocrx_word' id='word_1_105' title='bbox 646 2596 738 2658; x_wconf 84' lang='lat' dir='ltr'>saepe</span> <span class='ocrx_word' id='word_1_106' title='bbox 753 2583 826 2637; x_wconf 90' lang='lat' dir='ltr'>tuae</span> <span class='ocrx_word' id='word_1_107' title='bbox 841 2596 945 2637; x_wconf 84' lang='lat' dir='ltr'>comes</span> <span class='ocrx_word' id='word_1_108' title='bbox 958 2579 1000 2636; x_wconf 90' lang='lat' dir='ltr'>im</span> <span class='ocrx_word' id='word_1_109' title='bbox 1023 2579 1118 2638; x_wconf 89' lang='lat' dir='ltr'>robus</span> <span class='ocrx_word' id='word_1_110' title='bbox 1132 2578 1271 2642; x_wconf 85' lang='lat' dir='ltr'>haeret:</span> 
     </span>
     <span class='ocr_line' id='line_1_25' title="bbox 504 2598 1260 2744; baseline 0.007 -22"><span class='ocrx_word' id='word_1_111' title='bbox 504 2662 572 2722; x_wconf 91' lang='lat' dir='ltr'>Non</span> <span class='ocrx_word' id='word_1_112' title='bbox 587 2669 636 2723; x_wconf 83' lang='lat' dir='ltr'>est</span> <span class='ocrx_word' id='word_1_113' title='bbox 650 2662 733 2744; x_wconf 87' lang='lat' dir='ltr'>quod</span> <span class='ocrx_word' id='word_1_114' title='bbox 746 2663 871 2738; x_wconf 90' lang='lat' dir='ltr'>timeas,</span> <span class='ocrx_word' id='word_1_115' title='bbox 893 2598 1048 2721; x_wconf 80' lang='lat' dir='ltr'>Candide:</span> <span class='ocrx_word' id='word_1_116' title='bbox 1069 2680 1133 2722; x_wconf 90' lang='lat' dir='ltr'>non</span> <span class='ocrx_word' id='word_1_117' title='bbox 1147 2661 1260 2729; x_wconf 80' lang='lat' dir='ltr'>futuit.</span> 
     </span>
    </p>
   </div>
   <div class='ocr_carea' id='block_1_9' title="bbox 826 2800 964 2862">
    <p class='ocr_par' dir='ltr' id='par_1_20' title="bbox 826 2800 964 2862">
     <span class='ocr_line' id='line_1_26' title="bbox 826 2800 964 2862; baseline 0.007 -1"><span class='ocrx_word' id='word_1_118' title='bbox 826 2800 964 2862; x_wconf 85' lang='lat' dir='ltr'>XXXIX.</span> 
     </span>
    </p>
   </div>
   <div class='ocr_carea' id='block_1_10' title="bbox 460 2909 1135 3243">
    <p class='ocr_par' dir='ltr' id='par_1_21' title="bbox 463 2909 1016 2993">
     <span class='ocr_line' id='line_1_27' title="bbox 463 2909 1016 2993; baseline 0.007 -23"><span class='ocrx_word' id='word_1_119' title='bbox 463 2909 523 2971; x_wconf 87' lang='lat' dir='ltr'>Odi</span> <span class='ocrx_word' id='word_1_120' title='bbox 538 2918 589 2991; x_wconf 89' lang='lat' dir='ltr'>te,</span> <span class='ocrx_word' id='word_1_121' title='bbox 612 2914 681 2992; x_wconf 88' lang='lat' dir='ltr'>qnia</span> <span class='ocrx_word' id='word_1_122' title='bbox 695 2912 798 2973; x_wconf 87' lang='lat' dir='ltr'>bellus</span> <span class='ocrx_word' id='word_1_123' title='bbox 812 2933 862 2993; x_wconf 91' lang='lat' dir='ltr'>es,</span> <span class='ocrx_word' id='word_1_124' title='bbox 882 2912 1016 2974; x_wconf 85' lang='lat' dir='ltr'>Sabelle.</span> 
     </span>
    </p>

    <p class='ocr_par' dir='ltr' id='par_1_22' title="bbox 460 2994 1135 3243">
     <span class='ocr_line' id='line_1_28' title="bbox 461 2994 1066 3077; baseline 0.003 -22"><span class='ocrx_word' id='word_1_125' title='bbox 461 2994 525 3055; x_wconf 87' lang='lat' dir='ltr'>Res</span> <span class='ocrx_word' id='word_1_126' title='bbox 539 3003 588 3056; x_wconf 90' lang='lat' dir='ltr'>est</span> <span class='ocrx_word' id='word_1_127' title='bbox 600 2997 724 3077; x_wconf 84' lang='lat' dir='ltr'>putida,</span> <span class='ocrx_word' id='word_1_128' title='bbox 745 2997 846 3059; x_wconf 86' lang='lat' dir='ltr'>bellus</span> <span class='ocrx_word' id='word_1_129' title='bbox 862 3004 895 3057; x_wconf 88' lang='lat' dir='ltr'>et</span> <span class='ocrx_word' id='word_1_130' title='bbox 909 2997 1066 3075; x_wconf 82' lang='lat' dir='ltr'>Sabellus,</span> 
     </span>
     <span class='ocr_line' id='line_1_29' title="bbox 460 3076 1135 3162; baseline 0.007 -25"><span class='ocrx_word' id='word_1_131' title='bbox 460 3076 581 3141; x_wconf 88' lang='lat' dir='ltr'>Bellum</span> <span class='ocrx_word' id='word_1_132' title='bbox 596 3081 730 3162; x_wconf 89' lang='lat' dir='ltr'>denique</span> <span class='ocrx_word' id='word_1_133' title='bbox 746 3081 842 3159; x_wconf 85' lang='lat' dir='ltr'>molo,</span> <span class='ocrx_word' id='word_1_134' title='bbox 866 3101 955 3159; x_wconf 89' lang='lat' dir='ltr'>quam</span> <span class='ocrx_word' id='word_1_135' title='bbox 969 3081 1135 3142; x_wconf 85' lang='lat' dir='ltr'>Sabellum.</span> 
     </span>
     <span class='ocr_line' id='line_1_30' title="bbox 463 3163 1046 3243; baseline 0.003 -21"><span class='ocrx_word' id='word_1_136' title='bbox 463 3163 617 3225; x_wconf 81' lang='lat' dir='ltr'>Tabescas</span> <span class='ocrx_word' id='word_1_137' title='bbox 631 3169 763 3243; x_wconf 82' lang='lat' dir='ltr'>utinum,</span> <span class='ocrx_word' id='word_1_138' title='bbox 785 3164 927 3242; x_wconf 85' lang='lat' dir='ltr'>Sabelle,</span> <span class='ocrx_word' id='word_1_139' title='bbox 948 3165 1046 3225; x_wconf 89' lang='lat' dir='ltr'>belle!</span> 
     </span>
    </p>
   </div>
   <div class='ocr_carea' id='block_1_11' title="bbox 865 3290 928 3351">
    <p class='ocr_par' dir='ltr' id='par_1_23' title="bbox 865 3290 928 3351">
     <span class='ocr_line' id='line_1_31' title="bbox 865 3290 928 3351; baseline 0 0"><span class='ocrx_word' id='word_1_140' title='bbox 865 3290 928 3351; x_wconf 90' lang='lat' dir='ltr'>XL.</span> 
     </span>
    </p>
   </div>
   <div class='ocr_carea' id='block_1_12' title="bbox 460 3399 1291 3647">
    <p class='ocr_par' dir='ltr' id='par_1_24' title="bbox 460 3399 1291 3647">
     <span class='ocr_line' id='line_1_32' title="bbox 460 3399 1291 3481; baseline 0.011 -20"><span class='ocrx_word' id='word_1_141' title='bbox 460 3399 623 3477; x_wconf 83' lang='lat' dir='ltr'>Mentiris,</span> <span class='ocrx_word' id='word_1_142' title='bbox 644 3399 754 3460; x_wconf 88' lang='lat' dir='ltr'>eredo:</span> <span class='ocrx_word' id='word_1_143' title='bbox 775 3402 890 3461; x_wconf 82' lang='lat' dir='ltr'>recitas</span> <span class='ocrx_word' id='word_1_144' title='bbox 905 3400 984 3461; x_wconf 84' lang='lat' dir='ltr'>male</span> <span class='ocrx_word' id='word_1_145' title='bbox 999 3402 1149 3481; x_wconf 78' lang='lat' dir='ltr'>earmina,</span> <span class='ocrx_word' id='word_1_146' title='bbox 1170 3402 1291 3471; x_wconf 79' lang='lat' dir='ltr'>laudo:</span> 
     </span>
     <span class='ocr_line' id='line_1_33' title="bbox 506 3482 1204 3563; baseline 0.013 -19"><span class='ocrx_word' id='word_1_147' title='bbox 506 3483 634 3562; x_wconf 81' lang='lat' dir='ltr'>cantos,</span> <span class='ocrx_word' id='word_1_148' title='bbox 657 3489 763 3544; x_wconf 87' lang='lat' dir='ltr'>canto:</span> <span class='ocrx_word' id='word_1_149' title='bbox 785 3486 883 3562; x_wconf 88' lang='lat' dir='ltr'>bibis,</span> <span class='ocrx_word' id='word_1_150' title='bbox 904 3482 1095 3563; x_wconf 84' lang='lat' dir='ltr'>Pontiliane,</span> <span class='ocrx_word' id='word_1_151' title='bbox 1116 3488 1204 3555; x_wconf 89' lang='lat' dir='ltr'>bibo.</span> 
     </span>
     <span class='ocr_line' id='line_1_34' title="bbox 461 3564 1261 3647; baseline 0.014 -21"><span class='ocrx_word' id='word_1_152' title='bbox 461 3565 571 3645; x_wconf 87' lang='lat' dir='ltr'>Pedis,</span> <span class='ocrx_word' id='word_1_153' title='bbox 594 3566 768 3628; x_wconf 86' lang='lat' dir='ltr'>dissimulo:</span> <span class='ocrx_word' id='word_1_154' title='bbox 788 3586 907 3647; x_wconf 81' lang='lat' dir='ltr'>gemma</span> <span class='ocrx_word' id='word_1_155' title='bbox 921 3569 967 3628; x_wconf 88' lang='lat' dir='ltr'>vis</span> <span class='ocrx_word' id='word_1_156' title='bbox 980 3564 1107 3647; x_wconf 85' lang='lat' dir='ltr'>ludere,</span> <span class='ocrx_word' id='word_1_157' title='bbox 1129 3572 1261 3637; x_wconf 82' lang='lat' dir='ltr'>vincor:</span> 
     </span>
    </p>
   </div>
   <div class='ocr_carea' id='block_1_13' title="bbox 0 0 1722 4575">
    <p class='ocr_par' dir='ltr' id='par_1_25' title="bbox 0 0 1722 4575">
     <span class='ocr_line' id='line_1_35' title="bbox 0 0 1722 4575; baseline 0 1"><span class='ocrx_word' id='word_1_158' title='bbox 0 0 1722 4575; x_wconf 95' lang='lat' dir='ltr'> </span> 
     </span>
    </p>
   </div>
  </div>
 </body>
</html>
