3434 4575
593 471 934 535 EPIGRAMMATON
947 473 1021 536 LlB.
1038 473 1088 536 111.

400 629 514 688 Pectus
533 625 673 705 cicadae,
693 645 763 685 crus
780 623 930 703 colorque
944 625 1109 705 formicae,

402 712 606 791 Rugosiorem
622 730 689 770 cum
704 729 794 788 geras
809 708 890 770 stola
903 710 1040 768 frontem

378 799 444 860 aut
459 814 641 856 araneorum
656 795 792 854 cassibus
807 812 900 874 pares
915 813 1075 866 mammam

402 881 480 942 (lum
495 885 670 959 comparata
685 880 815 938 rictibus
831 879 891 938 tuis
910 897 963 936 ora

400 964 538 1024 Niliacus
552 965 666 1023 habeat
683 960 858 1022 corcodilus
878 965 1004 1040 angusta

400 1048 578 1128 Meliusque
593 1065 686 1107 ranae
701 1048 838 1125 garriant
851 1046 1046 1105 Ravennates
1126 1094 1129 1099 .

401 1134 443 1193 Et
460 1134 607 1192 Atrianus
622 1131 743 1191 dulcius
759 1129 847 1190 culex
863 1134 967 1189 cantet

359 1216 579 1294 10Videasque
596 1223 741 1295 quantum
755 1220 886 1274 noctuae
902 1212 1010 1272 vident
1023 1231 1131 1291 mane,

403 1302 445 1361 Et
459 1298 538 1360 illud
555 1299 638 1359 oleas
658 1298 739 1376 quod
752 1299 811 1358 viri
827 1294 1031 1376 capellarum,

402 1386 444 1444 ut
465 1385 562 1443 anatis
577 1385 691 1442 babeas
707 1383 923 1461 orthopygium
938 1376 1058 1440 macrae

404 1468 579 1546 Senemque
595 1468 744 1546 Cynicum
758 1467 860 1526 vincat
876 1483 982 1525 osseus
997 1483 1131 1542 cunnus;

404 1553 482 1612 (ium
496 1559 528 1611 te
542 1550 672 1611 lucerna
685 1548 848 1611 balneator
864 1552 999 1609 extincta
1024 1581 1028 1588 ·

365 1636 555 1697 ioddmittat
569 1637 653 1696 inter
672 1636 844 1695 bustuarias
858 1634 1019 1707 moechas;

406 1721 483 1780 (ium
497 1721 605 1781 bruma
619 1737 756 1778 mensem
773 1719 814 1777 sit
829 1719 888 1776 tibi
900 1735 959 1797 per
976 1717 1144 1795 Augustum

403 1803 558 1883 Regelare
572 1822 631 1862 nec
646 1810 678 1862 te
692 1800 888 1882 pestilentias
903 1800 1018 1880 possit:

342 1956 344 1961 ,
406 1887 512 1949 Audes
528 1887 677 1948 ducentas
692 1886 842 1966 nuptuire
852 1890 926 1964 post
941 1888 1057 1943 mortes

404 1973 575 2051 Virumque
593 1970 721 2032 demens
738 1970 895 2029 cineribus
908 1969 970 2029 tuis
986 1965 1109 2046 qnaeris

360 2058 543 2118 20Prurire.
573 2056 672 2132 Quid,
695 2055 819 2114 futuere
834 2054 902 2132 quis
916 2050 994 2113 velit
1009 2049 1135 2110 saxum?

406 2142 481 2216 Quis
497 2142 656 2218 coniugem
671 2146 721 2216 te,
745 2139 813 2217 quis
826 2139 948 2201 vocabit
961 2153 1104 2211 uxorem,

405 2222 597 2285 Philomelus
611 2226 706 2284 aviam
722 2242 811 2303 quam
825 2226 987 2283 vocaverat
1001 2216 1124 2300 nuperi

407 2308 536 2385 Quodsi
551 2308 680 2368 cadaver
695 2310 791 2386 exigis
806 2317 890 2368 tuum
906 2306 1017 2385 scalpi,

406 2394 571 2453 Sternatur
589 2413 606 2451 a
620 2392 736 2452 Coride
752 2390 951 2450 archiclinico
966 2391 1084 2464 lectus,

361 2488 396 2540 25
405 2476 618 2537 Talassionem
634 2478 686 2555 qui
701 2483 785 2537 tuum
801 2473 894 2535 decet
910 2471 1010 2551 solus,

405 2562 562 2639 Ustorque
578 2560 683 2620 taedas
701 2560 861 2640 praeferat
876 2576 971 2619 novae
986 2560 1114 2634 nuptae:
1213 2625 1216 2632 Ι

405 2644 526 2705 lntrare
539 2647 573 2705 in
586 2646 679 2705 istum
695 2644 759 2704 sola
774 2644 825 2704 fax
838 2649 944 2723 potest
958 2642 1107 2702 cunnum.v

786 2776 894 2856 xciv.

405 2892 483 2952 Esse
498 2911 592 2971 negas
608 2899 727 2950 coctum
743 2888 886 2971 leporem
900 2894 1066 2972 poscisque
1080 2895 1210 2975 flagella.

447 2974 563 3055 Maris,
584 2975 682 3053 Rufe,
706 2995 813 3035 cocum
828 2975 988 3054 scindere,
1013 2998 1102 3056 quam
1116 2980 1265 3063 leporem.

796 3109 891 3172 XCV.

405 3221 566 3300 Nunquam
581 3222 658 3283 dicia
674 3242 745 3301 ave,
767 3222 823 3283 sed
838 3222 964 3303 reddis,
985 3224 1140 3306 Naevole,
1162 3246 1302 3308 semper,

449 3304 538 3381 Quod
553 3310 640 3387 prior
654 3314 687 3367 et
699 3328 807 3368 corvus
820 3308 927 3368 dicere
939 3328 1032 3389 saepe
1048 3310 1138 3371 solet.

407 3389 471 3449 Gur
486 3391 546 3451 hoc
561 3397 705 3470 expectas
721 3413 738 3451 a
751 3409 800 3451 me
815 3410 907 3470 rogo,
930 3392 1082 3471 Naevole,
1105 3393 1204 3455 dicas:

448 3474 524 3534 Nam
538 3482 612 3555 puto
629 3495 677 3535 me
692 3474 819 3553 melior,
841 3476 990 3553 Naevole,
1013 3496 1071 3536 nec
1087 3480 1230 3557 priores.

384 3558 548 3618 bl'raemia
562 3558 685 3620 laudato
703 3561 813 3619 tribuit
827 3562 901 3621 mihi
919 3562 1032 3620 Caesar
1046 3569 1179 3639 uterque

450 3642 661 3721 Natorumque
676 3642 764 3703 dedit
778 3644 844 3704 iura
858 3652 988 3726 paterna
1003 3646 1114 3720 trium;

407 3725 471 3785 Ore
485 3726 574 3805 legor
590 3726 687 3787 multo
700 3735 869 3807 notumque
883 3748 941 3810 per
956 3728 1069 3809 oppida
1084 3748 1196 3789 nomen

363 3810 472 3872 Maur.
1139 3814 1159 3875 6
