3434 4575
583 867 623 960 o.
651 865 759 961 llllll
786 867 1011 961 llllldllli

709 1039 889 1116 imm

450 1185 1139 1301 snutRuttUnt

668 1396 770 1460 LIBER
796 1395 928 1462 PRIMUS.

713 1582 884 1592 ——n

643 1700 883 1765 SATIRA
921 1700 949 1763 Ι.

299 1803 428 1912 Semper
449 1848 509 1909 ego
528 1831 641 1892 auditor
662 1829 791 1892 tanturn?
814 1847 1004 1909 numquamne
1028 1845 1185 1908 reponam,

300 1921 430 1981 Venatus
450 1917 539 1978 toties
560 1918 640 1978 rauci
663 1917 813 1979 'lireseide
836 1914 947 1978 Cordi?

300 2005 417 2083 impune
439 2018 513 2081 ergo
533 2002 600 2062 milri
622 2004 790 2064 recitaverit
811 2003 862 2063 ille
885 2011 1017 2080 togatas,

300 2089 350 2150 llic
371 2083 500 2165 elegos?
520 2088 635 2165 impune
659 2087 735 2148 diem
759 2087 973 2166 consumpserit
995 2088 1098 2163 ingens

300 2171 449 2251 Telephus
468 2180 517 2231 aut
539 2173 640 2231 summi
660 2172 747 2250 plena
768 2174 822 2231 iam
845 2172 973 2250 margine
992 2170 1058 2231 libri

300 2259 432 2337 Scriptus
457 2265 486 2316 et
507 2255 534 2315 in
557 2266 642 2336 tergo
661 2275 717 2318 nec
738 2258 804 2318 dum
826 2258 922 2318 linitus
946 2251 1088 2316 Orestes?

300 2341 372 2403 liota
395 2341 489 2419 magis
511 2340 581 2401 nulli
602 2341 704 2401 domus
725 2351 770 2402 est
790 2362 857 2417 sna,
882 2358 966 2419 qnam
990 2339 1056 2399 milri
1080 2339 1162 2410 lucus

300 2426 397 2487 ilartis
420 2435 450 2484 et
473 2425 586 2485 Aeoliis
607 2427 730 2486 vicinum
753 2427 873 2506 rupibus
893 2434 1002 2486 antrum

300 2510 431 2572 Vulcani.
463 2508 537 2583 Quid
559 2521 646 2589 agant
667 2513 764 2586 venti,
787 2530 859 2589 quas
881 2518 1015 2587 torqueat
1034 2507 1151 2567 umbras

301 2596 432 2668 leacus,
457 2594 533 2654 unde
554 2594 628 2655 alius
648 2595 772 2655 furtivae
792 2594 919 2655 devehat
941 2611 1039 2653 aarum
1258 2604 1291 2655 lu

299 2677 477 2755 feliculae,
499 2689 621 2759 quantas
643 2679 784 2740 iaculetur
807 2678 967 2753 Monychus
991 2693 1096 2750 ornos,

299 2760 454 2823 Frontonis
473 2763 580 2841 platani
603 2764 803 2843 convulsaque
827 2780 969 2822 marmora
992 2761 1117 2821 clamant

299 2848 423 2927 Semper
443 2855 473 2906 et
494 2848 611 2908 assiduo
631 2857 735 2927 ruptae
758 2848 872 2908 lectore
894 2846 1061 2906 columnae:

299 2930 466 3011 Exspectcs
489 2933 591 2993 eadem
611 2949 628 2992 a
650 2949 760 2993 summo
783 2934 958 3009 minimoque
982 2940 1079 3009 poeta.

299 3013 333 3075 lit
352 3032 409 3075 nos
427 3032 500 3093 ergo
521 3034 632 3077 manum
654 3017 766 3077 ierulae
790 3017 993 3089 subduximus,
1017 3024 1046 3075 et
1065 3030 1119 3074 nos
1256 3025 1288 3077 lo

298 3097 456 3160 Consilium
478 3100 611 3161 dedimus
635 3101 751 3177 Sullae,
775 3104 905 3179 privatus
928 3110 958 3159 nt
981 3099 1067 3160 altum

298 3183 459 3252 dormirem
480 3185 567 3245 stulta
585 3195 631 3247 est
653 3185 823 3261 clementia,
843 3203 930 3263 quum
949 3194 991 3243 tot
1012 3183 1119 3262 ubique

299 3268 419 3329 Vatibus
440 3285 598 3346 occurras,
621 3270 768 3348 periturae
790 3287 914 3348 parcere
939 3269 1066 3329 chartae.

299 3350 355 3413 Gur
377 3363 472 3414 tamen
494 3353 551 3414 lroc
573 3355 670 3433 potius
692 3353 783 3415 libeat
804 3355 963 3414 decurrere
986 3369 1104 3431 campo,

299 3435 352 3497 l’er
374 3455 461 3517 quem
481 3456 602 3517 magnus
624 3455 718 3517 equos
739 3439 894 3499 Auruncae
916 3438 997 3498 derit
1019 3436 1166 3506 alumnus,
1254 3447 1287 3497 uo

298 3522 327 3582 Si
347 3531 432 3584 vacat
454 3539 489 3582 ac
511 3522 619 3601 placidi
642 3524 782 3583 rationem
805 3523 967 3595 admittitis,
992 3520 1082 3583 edam.

356 3606 450 3679 Quum
472 3615 557 3667 tener
579 3624 701 3668 uxorenr
721 3609 806 3669 ducat
828 3607 937 3685 spado,
956 3604 1069 3664 liaevia
1091 3602 1215 3663 'luseum

299 3689 379 3768 Figat
400 3708 500 3768 aprum
525 3700 554 3750 et
573 3691 647 3751 nuda
671 3701 769 3752 teneat
790 3689 934 3751 venabula
957 3706 1085 3750 mamma:

337 3792 393 3835 mv.
408 3794 470 3835 sss.
1063 3776 1074 3829 t
