3434 4575
392 499 458 547 vm
788 493 997 544 PRAEFATIO.

394 673 507 736 paucos
529 653 644 712 clarum
667 653 804 713 certatim
825 661 947 713 veteres
961 651 1102 712 laudibus
1118 654 1179 712 suis
1196 651 1378 723 extulerunt,

394 739 434 798 of.
457 735 585 813 Quintil.
605 736 647 796 X.
670 735 698 795 1.
722 733 791 810 102,
811 737 892 796 Plin.
909 737 1008 816 Epist.
1026 737 1051 794 1.
1078 735 1125 795 13.
1148 737 1176 809 7,
1199 736 1275 795 Tac.
1297 735 1378 794 Ann.

391 822 482 902 XIV.
506 818 545 880 19
564 830 632 894 etc,
654 819 824 902 eidemque,
841 833 875 880 ut
889 820 1019 893 videtur,
1035 820 1129 879 Plotii
1150 820 1280 878 Macrini
1301 821 1379 878 noti·

393 907 467 966 tiam
482 904 602 979 debuit,
616 907 732 964 bamim‘s
744 923 813 963 sane
826 908 934 975 eruditi,
947 913 981 963 ut
995 902 1186 964 Scholiastae
1198 903 1299 964 verbis
1312 912 1379 963 utar

395 988 437 1048 ad
461 987 527 1048 Sat.
554 988 597 1048 H.
617 989 749 1061 initium,
774 1008 853 1069 quae
879 989 973 1047 satira
995 988 1054 1066 ipsi
1079 988 1216 1047 Macrino
1239 986 1380 1047 dedicata

396 1081 451 1147 est,
464 1081 635 1149 paternoque
648 1091 678 1131 se
693 1076 795 1147 affectu
809 1076 949 1147 diluentis,
963 1077 1011 1147 qui
1020 1078 1048 1130 in
1063 1076 1140 1130 domo
1156 1073 1265 1131 Seruilii
1278 1074 1378 1131 didim-

396 1167 456 1230 rat,
476 1177 495 1215 a
510 1176 563 1232 quo
577 1160 695 1230 opellam
714 1167 928 1230 comparaverat
941 1160 1042 1214 indulto
1061 1159 1112 1214 sibi
1122 1161 1211 1228 pretio
1232 1160 1379 1230 aliquanto.

394 1241 563 1301 Praeterea
584 1246 706 1315 copuooit
722 1258 777 1314 per
796 1243 943 1300 Cornutum
967 1244 1046 1298 etiam
1065 1243 1209 1298 Annaeum
1229 1243 1380 1313 Lucanum,

395 1324 576 1384 Pharsaliae
603 1324 782 1403 scriptorem
804 1324 1008 1396 notissimum,
1035 1342 1201 1399 aequaevum
1229 1326 1381 1382 auditorem

397 1413 512 1470 Cornuti
517 1434 526 1472 ι
541 1411 592 1467 sed
608 1409 745 1488 quamvis
761 1428 874 1488 suppar
889 1417 991 1468 aetate
1005 1411 1144 1480 Lucanus,
1161 1428 1250 1487 quem
1264 1429 1295 1486 p.
1309 1405 1380 1466 chr.

397 1511 426 1551 a.
442 1489 482 1552 38
497 1500 601 1550 natum
620 1491 716 1550 fnisse
740 1500 872 1565 constat,
894 1497 961 1550 adeo
983 1495 1134 1550 mirabatur
1152 1497 1258 1566 scripta
1273 1495 1381 1565 Flacci,

396 1583 430 1636 ut
445 1576 529 1635 -si
544 1583 629 1634 recte
644 1574 800 1635 Prellerus
816 1577 837 1634 l.
858 1596 884 1634 c.
908 1576 1095 1654 grammatici
1111 1576 1206 1635 verba
1230 1595 1269 1634 ex
1289 1575 1380 1634 libro·

396 1679 463 1719 rum
477 1659 615 1737 vestigiis
634 1659 826 1719 restituit-
845 1665 894 1720 mic
910 1665 1039 1718 retineret
1060 1678 1090 1719 se
1110 1665 1268 1718 recitantem
1286 1680 1303 1716 a
1322 1664 1381 1717 cio·

398 1761 487 1817 more,
501 1749 567 1819 quin
581 1746 629 1802 iiia
644 1761 704 1802 esse
717 1761 785 1804 ocra
801 1750 933 1819 poemata
951 1748 1064 1816 diceret,
1079 1762 1131 1802 sua
1150 1749 1210 1817 ipse
1229 1746 1384 1818 luduicaret

399 1827 463 1906 (vel
476 1845 541 1886 suos
556 1847 598 1887 sc.
614 1848 721 1888 versus
739 1833 816 1888 ludos
830 1825 960 1906 faceret).
988 1830 1056 1887 Sero
1070 1833 1191 1902 coenavit
1204 1836 1230 1885 et
1241 1828 1381 1899 Senecam,

397 1915 447 1971 sed
467 1931 523 1970 non
541 1922 572 1970 ut
589 1923 735 1987 caperetur
753 1918 816 1988 eius
829 1918 949 1988 iupenio,
973 1911 1054 1991 quod
1075 1921 1108 1970 ut
1132 1913 1164 1969 in
1186 1910 1381 1970 adolescente

399 1994 522 2055 Stoicae
536 2005 639 2055 sectae
655 2005 686 2055 et
700 1997 766 2075 ipso
779 1996 882 2056 dedito
898 1997 1004 2054 mirum
1019 1993 1117 2054 videri
1131 1996 1241 2073 possit,
1257 1995 1382 2073 propius

399 2080 530 2139 intuenti
549 2098 690 2158 magnam
706 2088 736 2139 et
755 2081 960 2159 incorruptam
976 2079 1066 2156 hujus
1090 2078 1200 2155 judicii
1222 2079 1383 2137 sanitatem

398 2161 594 2243 approbabit,
609 2173 643 2221 ut
663 2164 715 2242 qui
727 2164 793 2240 jam
815 2173 879 2221 tum
894 2162 1097 2234 intellexerit,
1114 2161 1197 2241 quod
1211 2162 1326 2240 posteri
1344 2160 1382 2220 de

400 2245 520 2307 Seneca
532 2245 725 2324 judicarunt,
747 2247 778 2305 in
802 2247 922 2327 scriptis
944 2248 1010 2323 ejus
1031 2265 1080 2305 res
1102 2254 1194 2327 atque
1216 2246 1382 2305 sententias

399 2340 452 2390 aut
472 2332 577 2410 inepto
601 2332 747 2410 inanique
763 2332 878 2410 impetu
893 2350 961 2391 esse
982 2338 1036 2388 aut
1052 2329 1115 2389 levi
1130 2340 1160 2389 et
1182 2331 1270 2410 quasi
1285 2329 1383 2388 dicaci

399 2416 528 2492 argutia,
543 2408 744 2473 eruditionem
758 2424 859 2474 autem
870 2414 1066 2474 vernaculam
1079 2423 1109 2473 et
1123 2414 1278 2493 plebejam
1292 2413 1381 2472 nihil·

401 2519 460 2579 que
479 2518 518 2557 ex
539 2506 677 2557 veterum
696 2499 816 2578 scriptis
831 2498 995 2558 habentem
1015 2518 1116 2579 neque
1139 2500 1256 2576 gratiae
1280 2516 1381 2576 neque

400 2581 566 2660 dignitatis,
582 2582 621 2641 cf.
639 2580 719 2642 Geli.
735 2583 775 2641 N.
792 2583 856 2641 Au.
869 2583 943 2643 XII.
960 2580 990 2640 2.
1012 2583 1156 2662 Denique
1170 2600 1236 2641 usus
1251 2591 1291 2639 esi
1307 2584 1384 2655 apud

401 2668 547 2725 Cornutum
564 2669 680 2725 duorum
698 2672 820 2725 conoicm
846 2673 967 2728 uirorum
991 2674 1017 2724 et
1036 2670 1249 2725 doctissimorum
1273 2674 1300 2722 et
1317 2683 1382 2722 san-

399 2753 580 2806 ctissimorum
592 2754 695 2806 acriter
709 2758 764 2806 uam
776 2752 1041 2823 philosophantium,
1058 2751 1165 2807 Claudii
1178 2752 1307 2824 Apatbini
1324 2749 1381 2819 (ita

401 2832 481 2890 enim
496 2829 637 2891 Osannus
652 2852 682 2911 p.
696 2850 778 2892 xvrrr
790 2833 936 2892 librorum
946 2832 1109 2891 lectionem
1119 2836 1282 2907 Aestus-riui
1291 2830 1380 2890 docte

401 2914 586 2989 emendavit)
610 2918 708 2973 medici
730 2919 942 2975 Lacedaemonii
953 2925 980 2974 et
988 2918 1112 2974 Petronii
1124 2919 1301 2975 Aristocratis
1315 2918 1378 2972 Ma-

397 2996 497 3066 quein,
509 3010 576 3065 quos
589 2997 669 3052 unice
679 2998 793 3053 miratus
816 3003 857 3053 est
876 3005 902 3053 et
915 2999 1079 3062 aemulatus,
1092 3013 1173 3068 quum
1190 2998 1318 3068 aequales
1335 3011 1379 3052 es·

397 3085 465 3148 seni,
475 3078 587 3135 Cornuti
598 3081 718 3135 minores
730 3077 763 3136 id
774 3087 820 3137 est
835 3078 976 3158 discipuli
987 3086 1013 3136 et
1027 3083 1089 3151 ipsi.
1104 3081 1272 3137 [demetiam
1287 3081 1380 3135 decem

399 3161 459 3235 fere
480 3177 568 3217 annos
587 3178 691 3218 summe
709 3165 823 3220 dilectus
843 3183 862 3219 a
877 3166 962 3222 Paeto
985 3166 1111 3220 Thrasea
1128 3171 1181 3235 est,
1204 3168 1240 3219 ita
1255 3169 1284 3219 ut
1292 3179 1378 3235 pere-

396 3247 558 3316 qrinaretur
571 3262 676 3319 quoque
687 3263 749 3303 eum
760 3263 791 3304 eo
802 3250 959 3321 aliquando,
975 3256 1116 3321 cepnatam
1131 3250 1193 3321 ejus
1199 3249 1312 3303 Arriam
1326 3248 1364 3302 ba

398 3328 474 3384 bente
488 3345 613 3400 uxorem,
629 3328 723 3387 filiam
743 3329 834 3402 illius,
857 3351 936 3410 quae
957 3332 1064 3389 marito
1088 3330 1259 3408 exemplum
1274 3330 1378 3387 mortis

398 3409 487 3469 simul
502 3419 532 3469 et
546 3412 687 3471 solatium
700 3413 766 3485 fuit,
782 3414 821 3472 cf.
836 3414 916 3473 Plin.
934 3415 1032 3493 Epist.
1048 3414 1106 3474 ΙΠ.
1125 3413 1159 3472 11
1178 3422 1208 3473 et
1225 3412 1263 3473 16
1278 3412 1378 3492 deque

397 3495 463 3571 ipso
486 3494 625 3556 Thrasea
651 3506 774 3575 praeter
798 3497 874 3556 alios
902 3499 1010 3558 multos
1035 3499 1180 3558 Wexium
1207 3496 1247 3557 ad
1276 3496 1377 3555 Tacit.

398 3575 501 3652 agric.
517 3598 548 3657 p.
563 3576 622 3639 210
639 3588 670 3639 et
686 3579 823 3641 Schmidt
838 3579 949 3642 Gesch.
966 3581 994 3640 d.
1010 3582 1115 3642 Denk-
1129 3580 1192 3641 und
1206 3579 1376 3641 Glaubens·

398 3658 521 3720 freiheit
535 3663 577 3722 im
597 3672 698 3724 ersten
719 3664 828 3724 Jahrh.
844 3686 876 3745 p.
900 3663 961 3727 352
984 3687 1051 3747 sqq.

461 3742 549 3803 Haec
563 3746 711 3808 hactenus
730 3748 768 3809 de
784 3747 993 3810 adolescentia
1007 3750 1107 3810 Persii
1122 3759 1153 3811 et
1168 3748 1378 3821 familiaribus,
