3434 4575
459 441 524 512 2³4
781 444 826 505 Μ.
841 443 932 507 VAL.
949 442 1174 507 MARTIALIS

926 595 1035 657 XXIX.

545 695 641 770 Quam
656 694 731 753 mihi
745 694 890 753 mittebas
906 693 1030 753 Saturni
1043 701 1185 774 tempore
1199 691 1344 775 lancem,

466 807 468 811 r
585 778 701 838 Misisti
718 776 876 853 dominae,
899 777 1085 855 Sextiliane,
1107 786 1195 851 tnae;
1282 802 1286 809 ⁴

542 862 585 921 Et
601 881 689 940 qnam
704 860 837 920 donabas
854 860 945 921 dictis
961 882 978 920 a
992 861 1096 923 Marte
1112 860 1276 939 Kalendis,

587 945 633 1004 De
650 950 757 1004 nostra
769 947 893 1023 prasina
908 952 957 1005 est
971 946 1127 1024 synthesis
1142 951 1245 1025 empta
1258 953 1341 1027 toga.

523 1028 606 1091 alam
621 1028 763 1088 c'onstare
777 1029 836 1087 tibi
851 1030 946 1107 gratis
962 1048 1095 1108 coepere
1110 1028 1248 1109 puellae:

586 1113 770 1174 Muneribus
783 1112 897 1190 futuis,
920 1112 1105 1191 Sextiliane,
1126 1115 1212 1174 meis.

881 1272 884 1278 *
935 1246 1032 1310 XXX.

545 1345 573 1403 0
586 1348 779 1424 temperatae
795 1341 887 1402 dulce
900 1342 1043 1403 Formiae
1057 1341 1147 1421 litus,

545 1428 626 1504 Vos,
647 1447 715 1486 cnm
728 1429 829 1485 severi
847 1427 929 1504 fugit
942 1426 1088 1507 oppidum
1103 1428 1215 1488 Martis

544 1512 588 1571 Et
599 1511 754 1587 inquietas
768 1510 869 1569 fessus
884 1513 968 1569 exuit
982 1530 1086 1585 curas,

545 1592 737 1673 Apollinaris
751 1595 891 1653 omnihus
905 1593 982 1653 locis
997 1594 1147 1673 praefert.

521 1678 615 1740 5Non
630 1676 686 1736 ille
702 1682 826 1736 sanctae
841 1676 931 1736 dulce
947 1677 1047 1737 Tibur
1061 1678 1181 1756 uxoris,

543 1762 609 1821 Nec
624 1760 814 1821 Tusculanos
828 1759 995 1838 Algidosve
1010 1778 1167 1839 secessus,

544 1845 716 1906 Praeneste
730 1863 789 1903 nec
803 1846 847 1904 sic
863 1846 1051 1923 Antiumque
1066 1846 1204 1906 miratur.

544 1930 614 1991 Non
627 1927 740 1988 blanda
755 1929 847 1988 Circe
863 1927 1051 1988 Dardanisve
1066 1929 1173 1988 Caieta

545 2011 785 2090 Desiderantur‚
807 2031 867 2072 nec
881 2013 999 2072 Marica
1013 2030 1072 2074 nec
1088 2011 1185 2089 Liris,

504 2096 611 2160 10Nec
624 2098 657 2155 in
670 2095 804 2155 Lucrina
818 2095 884 2155 lota
898 2094 1043 2155 Salmacis
1057 2114 1142 2157 vena.

545 2182 606 2240 Hic
622 2199 737 2238 summa
749 2177 815 2238 leni
831 2180 994 2257 stringitur
1009 2179 1121 2238 Thetis
1136 2183 1246 2253 vento;
1305 2194 1308 2200 '

545 2264 612 2329 Nec
624 2261 753 2341 languet
767 2280 901 2343 aequor,
919 2261 1056 2322 viva-sed
1071 2264 1158 2343 quies
1175 2263 1265 2344 ponti
1368 2329 1374 2336 ,

545 2348 663 2407 Pictam
676 2345 827 2425 phaselon
842 2345 1004 2406 adiuvante
1019 2348 1084 2406 fert
1097 2367 1186 2426 aura,

549 2431 636 2490 Sicut
648 2429 773 2510 puellae
789 2450 850 2490 non
866 2431 994 2490 amantis
1008 2437 1158 2491 aestatem

506 2523 539 2576 15
546 2515 634 2575 Mota
649 2513 773 2574 salubre
787 2513 924 2595 purpura
937 2516 1023 2574 venit
1038 2515 1145 2593 frigus,

547 2599 614 2660 Nec
629 2604 696 2658 seta
707 2596 801 2677 longo
820 2600 943 2677 quaerit
954 2600 986 2658 in
1001 2601 1077 2657 mari
1091 2598 1254 2679 praedam,

548 2681 643 2742 Sede
659 2681 778 2741 cubiclo
795 2681 973 2761 lectuloque
987 2681 1128 2741 iactatam

549 2763 713 2846 Spectatus
728 2765 790 2826 alte
805 2764 920 2826 lineam
933 2766 1031 2825 trahit
1043 2767 1147 2845 piscis.

548 2850 582 2910 Si
596 2850 716 2929 qnando
732 2850 852 2910 Nereus
865 2850 1066 2910 sentitdeoli
1079 2867 1224 2928 regnum,

506 2933 642 2998 collidat
654 2932 811 3014 procellas
825 2940 891 2993 tuta
906 2933 945 2992 de
960 2952 1015 2993 sno
1030 2952 1144 2994 mensa.

547 3018 671 3077 Piscina
684 3018 846 3077 rhombum
860 3018 959 3097 pascit
974 3024 1006 3077 et
1019 3015 1110 3097 lupos
1124 3034 1253 3091 vernas,

548 3102 641 3163 Natat
654 3099 694 3159 ad
707 3102 885 3179 magistrum
901 3099 1035 3160 delicata
1044 3118 1210 3176 .muraena;

548 3181 790 3245 Nomenculator
803 3184 949 3263 mugilem
966 3187 1041 3244 citat
1059 3190 1165 3244 notum

548 3270 592 3329 Et
605 3267 714 3328 adesse
731 3269 807 3329 inssi
820 3268 976 3349 prodeunt
990 3287 1081 3329 senes
1095 3265 1192 3354 mullj.

508 3363 542 3416 25
549 3352 626 3413 Frui
640 3351 697 3412 sed
710 3353 779 3412 istis
795 3351 934 3433 quando,
955 3353 1068 3432 Roma,
1089 3350 1270 3432 permittis?
1375 3360 1378 3365 ’

550 3438 633 3513 Quot
645 3435 826 3496 Formianos
840 3438 972 3517 imputat
984 3436 1051 3496 dies
1067 3455 1163 3496 annus

549 3520 724 3599 Negotiosis
738 3522 833 3581 rebus
847 3522 934 3581 urbis
947 3520 1112 3580 haerenti?

551 3604 577 3665 0
591 3605 740 3664 ianitores
754 3603 900 3684 vilicique
915 3602 1043 3665 felices!

549 3689 688 3749 Dominis
700 3697 849 3770 parantur
862 3689 938 3770 ista,
960 3689 1099 3750 serviunt
1111 3687 1208 3750 vobis.
