<?xml version="1.0" encoding="UTF-8"?>
<!DOCTYPE html PUBLIC "-//W3C//DTD XHTML 1.0 Transitional//EN"
    "http://www.w3.org/TR/xhtml1/DTD/xhtml1-transitional.dtd">
<html xmlns="http://www.w3.org/1999/xhtml" xml:lang="en" lang="en">
 <head>
  <title>
</title>
<meta http-equiv="Content-Type" content="text/html;charset=utf-8" />
  <meta name='ocr-system' content='tesseract 3.04.00' />
  <meta name='ocr-capabilities' content='ocr_page ocr_carea ocr_par ocr_line ocrx_word'/>
</head>
<body>
  <div class='ocr_page' id='page_1' title='image "./satirarumlibriq00juvegoog_0016.png"; bbox 0 0 3434 4575; ppageno 0'>
   <div class='ocr_carea' id='block_1_1' title="bbox 378 433 967 486">
    <p class='ocr_par' dir='ltr' id='par_1_1' title="bbox 378 433 967 486">
     <span class='ocr_line' id='line_1_1' title="bbox 378 433 967 486; baseline -0.007 0"><span class='ocrx_word' id='word_1_1' title='bbox 378 437 428 486; x_wconf 78' lang='lat'><strong>¹11</strong></span> <span class='ocrx_word' id='word_1_2' title='bbox 758 433 967 484; x_wconf 70' lang='lat' dir='ltr'><strong>PRAEFATIO.</strong></span> 
     </span>
    </p>
   </div>
   <div class='ocr_carea' id='block_1_2' title="bbox 370 578 1354 1835">
    <p class='ocr_par' dir='ltr' id='par_1_2' title="bbox 370 578 1354 1835">
     <span class='ocr_line' id='line_1_2' title="bbox 377 578 1353 653; baseline -0.005 -15"><span class='ocrx_word' id='word_1_3' title='bbox 377 583 462 638; x_wconf 82' lang='lat' dir='ltr'><strong>renato</strong></span> <span class='ocrx_word' id='word_1_4' title='bbox 476 583 559 653; x_wconf 80' lang='lat' dir='ltr'><strong>poeno</strong></span> <span class='ocrx_word' id='word_1_5' title='bbox 570 582 633 636; x_wconf 90' lang='lat' dir='ltr'><strong>idem</strong></span> <span class='ocrx_word' id='word_1_6' title='bbox 643 580 777 644; x_wconf 73' lang='lat' dir='ltr'><strong>conrodat,</strong></span> <span class='ocrx_word' id='word_1_7' title='bbox 788 581 852 652; x_wconf 82' lang='lat' dir='ltr'><strong>quod</strong></span> <span class='ocrx_word' id='word_1_8' title='bbox 864 578 947 636; x_wconf 85' lang='lat' dir='ltr'><strong>Odolr.</strong></span> <span class='ocrx_word' id='word_1_9' title='bbox 960 580 1074 636; x_wconf 84' lang='lat' dir='ltr'><strong>blollerne</strong></span> <span class='ocrx_word' id='word_1_10' title='bbox 1087 580 1111 634; x_wconf 90' lang='lat' dir='ltr'><strong>in</strong></span> <span class='ocrx_word' id='word_1_11' title='bbox 1122 579 1183 634; x_wconf 89' lang='lat' dir='ltr'><strong>llist.</strong></span> <span class='ocrx_word' id='word_1_12' title='bbox 1196 578 1260 634; x_wconf 88' lang='lat' dir='ltr'><strong>liter.</strong></span> <span class='ocrx_word' id='word_1_13' title='bbox 1272 589 1353 650; x_wconf 76' lang='lat' dir='ltr'><strong>grace</strong></span> 
     </span>
     <span class='ocr_line' id='line_1_3' title="bbox 374 663 1352 736; baseline -0.004 -14"><span class='ocrx_word' id='word_1_14' title='bbox 374 667 402 722; x_wconf 83' lang='lat' dir='ltr'><strong>T.</strong></span> <span class='ocrx_word' id='word_1_15' title='bbox 416 668 433 730; x_wconf 87' lang='grc'><strong>1,</strong></span> <span class='ocrx_word' id='word_1_16' title='bbox 449 684 470 736; x_wconf 82' lang='grc' dir='ltr'><strong>ρ.</strong></span> <span class='ocrx_word' id='word_1_17' title='bbox 485 666 537 723; x_wconf 73' lang='lat' dir='ltr'><strong>lli</strong></span> <span class='ocrx_word' id='word_1_18' title='bbox 553 668 577 721; x_wconf 93' lang='lat' dir='ltr'><strong>in</strong></span> <span class='ocrx_word' id='word_1_19' title='bbox 589 665 724 720; x_wconf 70' lang='lat' dir='ltr'><strong>Archilochi</strong></span> <span class='ocrx_word' id='word_1_20' title='bbox 742 664 846 720; x_wconf 77' lang='lat' dir='ltr'>dictione</span> <span class='ocrx_word' id='word_1_21' title='bbox 858 665 999 720; x_wconf 75' lang='lat' dir='ltr'><strong>Homericae</strong></span> <span class='ocrx_word' id='word_1_22' title='bbox 1014 665 1051 720; x_wconf 87' lang='lat' dir='ltr'><strong>sic</strong></span> <span class='ocrx_word' id='word_1_23' title='bbox 1062 663 1182 734; x_wconf 80' lang='lat' dir='ltr'><strong>opposuit,</strong></span> <span class='ocrx_word' id='word_1_24' title='bbox 1194 673 1220 717; x_wconf 91' lang='lat' dir='ltr'><strong>ut</strong></span> <span class='ocrx_word' id='word_1_25' title='bbox 1231 663 1293 718; x_wconf 89' lang='lat' dir='ltr'><strong>banc</strong></span> <span class='ocrx_word' id='word_1_26' title='bbox 1305 663 1352 733; x_wconf 84' lang='lat' dir='ltr'><strong>ple</strong></span> 
     </span>
     <span class='ocr_line' id='line_1_4' title="bbox 375 749 1353 823; baseline -0.005 -17"><span class='ocrx_word' id='word_1_27' title='bbox 375 768 446 823; x_wconf 83' lang='lat' dir='ltr'><strong>raque</strong></span> <span class='ocrx_word' id='word_1_28' title='bbox 458 751 564 820; x_wconf 87' lang='lat' dir='ltr'><strong>epitheta</strong></span> <span class='ocrx_word' id='word_1_29' title='bbox 575 751 605 805; x_wconf 95' lang='lat' dir='ltr'><strong>ad</strong></span> <span class='ocrx_word' id='word_1_30' title='bbox 614 751 694 804; x_wconf 82' lang='lat' dir='ltr'><strong>solornn</strong></span> <span class='ocrx_word' id='word_1_31' title='bbox 707 760 817 804; x_wconf 87' lang='lat' dir='ltr'><strong>ornatum</strong></span> <span class='ocrx_word' id='word_1_32' title='bbox 828 750 1005 812; x_wconf 76' lang='lat' dir='ltr'><strong>resedendum</strong></span> <span class='ocrx_word' id='word_1_33' title='bbox 1018 749 1097 804; x_wconf 91' lang='lat' dir='ltr'><strong>omnia</strong></span> <span class='ocrx_word' id='word_1_34' title='bbox 1108 749 1133 803; x_wconf 93' lang='lat' dir='ltr'><strong>in</strong></span> <span class='ocrx_word' id='word_1_35' title='bbox 1143 763 1193 802; x_wconf 92' lang='lat' dir='ltr'><strong>rem</strong></span> <span class='ocrx_word' id='word_1_36' title='bbox 1204 755 1353 818; x_wconf 84' lang='lat' dir='ltr'><strong>praesentem</strong></span> 
     </span>
     <span class='ocr_line' id='line_1_5' title="bbox 374 832 1350 908; baseline -0.004 -17"><span class='ocrx_word' id='word_1_37' title='bbox 374 836 477 908; x_wconf 81' lang='lat' dir='ltr'><strong>dirigere</strong></span> <span class='ocrx_word' id='word_1_38' title='bbox 488 835 699 895; x_wconf 67' lang='lat' dir='ltr'><strong>animadvertereta</strong></span> <span class='ocrx_word' id='word_1_39' title='bbox 710 833 758 888; x_wconf 89' lang='lat' dir='ltr'><strong>bon</strong></span> <span class='ocrx_word' id='word_1_40' title='bbox 767 835 850 905; x_wconf 88' lang='lat' dir='ltr'><strong>utique</strong></span> <span class='ocrx_word' id='word_1_41' title='bbox 859 834 971 904; x_wconf 80' lang='lat' dir='ltr'><strong>exemplo</strong></span> <span class='ocrx_word' id='word_1_42' title='bbox 979 836 1051 888; x_wconf 90' lang='lat' dir='ltr'><strong>etiam</strong></span> <span class='ocrx_word' id='word_1_43' title='bbox 1063 833 1188 897; x_wconf 80' lang='lat' dir='ltr'><strong>luvenalis.</strong></span> <span class='ocrx_word' id='word_1_44' title='bbox 1198 832 1350 887; x_wconf 70' lang='lat' dir='ltr'><strong>narcetem·</strong></span> 
     </span>
     <span class='ocr_line' id='line_1_6' title="bbox 374 919 1352 993; baseline -0.004 -19"><span class='ocrx_word' id='word_1_45' title='bbox 374 921 430 993; x_wconf 77' lang='lat' dir='ltr'><strong>puin</strong></span> <span class='ocrx_word' id='word_1_46' title='bbox 441 919 573 991; x_wconf 64' lang='lat' dir='ltr'><strong>Verffl&#39;linm</strong></span> <span class='ocrx_word' id='word_1_47' title='bbox 585 921 660 973; x_wconf 88' lang='lat' dir='ltr'><strong>multo</strong></span> <span class='ocrx_word' id='word_1_48' title='bbox 673 919 751 989; x_wconf 82' lang='lat' dir='ltr'><strong>magis</strong></span> <span class='ocrx_word' id='word_1_49' title='bbox 766 934 838 990; x_wconf 70' lang='lat' dir='ltr'><strong>mam</strong></span> <span class='ocrx_word' id='word_1_50' title='bbox 855 934 1024 990; x_wconf 79' lang='lat' dir='ltr'><strong>quemcunque</strong></span> <span class='ocrx_word' id='word_1_51' title='bbox 1040 919 1113 971; x_wconf 92' lang='lat' dir='ltr'><strong>alium</strong></span> <span class='ocrx_word' id='word_1_52' title='bbox 1132 925 1228 988; x_wconf 89' lang='lat' dir='ltr'><strong>poetam</strong></span> <span class='ocrx_word' id='word_1_53' title='bbox 1239 924 1352 979; x_wconf 78' lang='lat' dir='ltr'><strong>sectetur,</strong></span> 
     </span>
     <span class='ocr_line' id='line_1_7' title="bbox 373 1002 1354 1074; baseline -0.003 -16"><span class='ocrx_word' id='word_1_54' title='bbox 373 1013 453 1058; x_wconf 89' lang='lat' dir='ltr'><strong>tameo</strong></span> <span class='ocrx_word' id='word_1_55' title='bbox 469 1004 516 1058; x_wconf 89' lang='lat' dir='ltr'><strong>hac</strong></span> <span class='ocrx_word' id='word_1_56' title='bbox 532 1020 558 1058; x_wconf 84' lang='lat' dir='ltr'><strong>re</strong></span> <span class='ocrx_word' id='word_1_57' title='bbox 574 1004 603 1058; x_wconf 94' lang='lat' dir='ltr'><strong>ab</strong></span> <span class='ocrx_word' id='word_1_58' title='bbox 622 1004 687 1058; x_wconf 91' lang='lat' dir='ltr'><strong>illins</strong></span> <span class='ocrx_word' id='word_1_59' title='bbox 697 1002 824 1074; x_wconf 82' lang='lat' dir='ltr'><strong>omnisque</strong></span> <span class='ocrx_word' id='word_1_60' title='bbox 840 1003 923 1073; x_wconf 88' lang='lat' dir='ltr'><strong>epicae</strong></span> <span class='ocrx_word' id='word_1_61' title='bbox 939 1003 1018 1074; x_wconf 84' lang='lat' dir='ltr'><strong>poesis</strong></span> <span class='ocrx_word' id='word_1_62' title='bbox 1028 1002 1202 1057; x_wconf 84' lang='lat' dir='ltr'><strong>consuetudine</strong></span> <span class='ocrx_word' id='word_1_63' title='bbox 1212 1002 1354 1072; x_wconf 69' lang='lat' dir='ltr'><strong>longissime</strong></span> 
     </span>
     <span class='ocr_line' id='line_1_8' title="bbox 373 1087 1351 1160; baseline -0.002 -17"><span class='ocrx_word' id='word_1_64' title='bbox 373 1089 476 1151; x_wconf 80' lang='lat' dir='ltr'><strong>recedit.</strong></span> <span class='ocrx_word' id='word_1_65' title='bbox 496 1088 560 1160; x_wconf 83' lang='lat' dir='ltr'><strong>quod</strong></span> <span class='ocrx_word' id='word_1_66' title='bbox 576 1088 667 1144; x_wconf 92' lang='lat' dir='ltr'><strong>nullam</strong></span> <span class='ocrx_word' id='word_1_67' title='bbox 685 1087 754 1141; x_wconf 88' lang='lat' dir='ltr'><strong>lacile</strong></span> <span class='ocrx_word' id='word_1_68' title='bbox 777 1087 891 1142; x_wconf 87' lang='lat' dir='ltr'><strong>orationis</strong></span> <span class='ocrx_word' id='word_1_69' title='bbox 910 1095 1001 1157; x_wconf 90' lang='lat' dir='ltr'><strong>partem</strong></span> <span class='ocrx_word' id='word_1_70' title='bbox 1018 1087 1123 1142; x_wconf 90' lang='lat' dir='ltr'><strong>otiosam</strong></span> <span class='ocrx_word' id='word_1_71' title='bbox 1140 1102 1237 1140; x_wconf 88' lang='lat' dir='ltr'><strong>manere</strong></span> <span class='ocrx_word' id='word_1_72' title='bbox 1255 1087 1351 1156; x_wconf 75' lang='lat' dir='ltr'><strong>patitur,</strong></span> 
     </span>
     <span class='ocr_line' id='line_1_9' title="bbox 372 1171 1352 1244; baseline -0.003 -17"><span class='ocrx_word' id='word_1_73' title='bbox 372 1173 413 1228; x_wconf 85' lang='lat' dir='ltr'><strong>sed</strong></span> <span class='ocrx_word' id='word_1_74' title='bbox 425 1189 493 1227; x_wconf 89' lang='lat' dir='ltr'><strong>suam</strong></span> <span class='ocrx_word' id='word_1_75' title='bbox 499 1173 586 1244; x_wconf 86' lang='lat' dir='ltr'><strong>cuique</strong></span> <span class='ocrx_word' id='word_1_76' title='bbox 591 1172 708 1226; x_wconf 81' lang='lat' dir='ltr'><strong>vocabulo</strong></span> <span class='ocrx_word' id='word_1_77' title='bbox 714 1172 771 1239; x_wconf 78' lang='lat' dir='ltr'><strong>um,</strong></span> <span class='ocrx_word' id='word_1_78' title='bbox 776 1188 847 1226; x_wconf 86' lang='lat' dir='ltr'><strong>suum</strong></span> <span class='ocrx_word' id='word_1_79' title='bbox 854 1187 955 1227; x_wconf 91' lang='lat' dir='ltr'><strong>acumen</strong></span> <span class='ocrx_word' id='word_1_80' title='bbox 964 1171 1148 1241; x_wconf 71' lang='lat' dir='ltr'><strong>naimpertitut</strong></span> <span class='ocrx_word' id='word_1_81' title='bbox 1157 1171 1286 1242; x_wconf 82' lang='lat' dir='ltr'><strong>quacapud</strong></span> <span class='ocrx_word' id='word_1_82' title='bbox 1295 1171 1352 1225; x_wconf 86' lang='lat' dir='ltr'><strong>alios</strong></span> 
     </span>
     <span class='ocr_line' id='line_1_10' title="bbox 372 1254 1349 1328; baseline -0.004 -17"><span class='ocrx_word' id='word_1_83' title='bbox 372 1259 501 1328; x_wconf 79' lang='lat' dir='ltr'><strong>scriptores</strong></span> <span class='ocrx_word' id='word_1_84' title='bbox 508 1258 634 1311; x_wconf 87' lang='lat' dir='ltr'><strong>coniuncta</strong></span> <span class='ocrx_word' id='word_1_85' title='bbox 642 1257 740 1310; x_wconf 81' lang='lat' dir='ltr'><strong>domum</strong></span> <span class='ocrx_word' id='word_1_86' title='bbox 747 1271 819 1310; x_wconf 89' lang='lat' dir='ltr'><strong>unam</strong></span> <span class='ocrx_word' id='word_1_87' title='bbox 829 1259 974 1311; x_wconf 87' lang='lat' dir='ltr'><strong>sententiam</strong></span> <span class='ocrx_word' id='word_1_88' title='bbox 979 1256 1092 1319; x_wconf 78' lang='lat' dir='ltr'><strong>elliciant,</strong></span> <span class='ocrx_word' id='word_1_89' title='bbox 1100 1256 1163 1326; x_wconf 91' lang='lat' dir='ltr'><strong>apud</strong></span> <span class='ocrx_word' id='word_1_90' title='bbox 1169 1254 1233 1310; x_wconf 92' lang='lat' dir='ltr'><strong>bunc</strong></span> <span class='ocrx_word' id='word_1_91' title='bbox 1243 1270 1349 1309; x_wconf 90' lang='lat' dir='ltr'><strong>commn-</strong></span> 
     </span>
     <span class='ocr_line' id='line_1_11' title="bbox 371 1340 1350 1412; baseline -0.002 -16"><span class='ocrx_word' id='word_1_92' title='bbox 371 1356 426 1396; x_wconf 86' lang='lat' dir='ltr'><strong>nem</strong></span> <span class='ocrx_word' id='word_1_93' title='bbox 438 1342 549 1396; x_wconf 88' lang='lat' dir='ltr'><strong>omnibos</strong></span> <span class='ocrx_word' id='word_1_94' title='bbox 560 1342 702 1395; x_wconf 80' lang='lat' dir='ltr'><strong>sententiam</strong></span> <span class='ocrx_word' id='word_1_95' title='bbox 714 1348 751 1395; x_wconf 91' lang='lat' dir='ltr'><strong>tot</strong></span> <span class='ocrx_word' id='word_1_96' title='bbox 761 1341 908 1412; x_wconf 76' lang='lat' dir='ltr'><strong>imaginibus</strong></span> <span class='ocrx_word' id='word_1_97' title='bbox 924 1348 984 1412; x_wconf 87' lang='lat' dir='ltr'><strong>quot</strong></span> <span class='ocrx_word' id='word_1_98' title='bbox 998 1343 1068 1394; x_wconf 85' lang='lat' dir='ltr'><strong>rerba</strong></span> <span class='ocrx_word' id='word_1_99' title='bbox 1080 1340 1166 1394; x_wconf 88' lang='lat' dir='ltr'><strong>babeat</strong></span> <span class='ocrx_word' id='word_1_100' title='bbox 1183 1340 1350 1409; x_wconf 72' lang='lat' dir='ltr'><strong>multiplicent,</strong></span> 
     </span>
     <span class='ocr_line' id='line_1_12' title="bbox 371 1417 1349 1498; baseline -0.004 -18"><span class='ocrx_word' id='word_1_101' title='bbox 371 1417 419 1480; x_wconf 78' lang='lat' dir='ltr'><strong>Sed</strong></span> <span class='ocrx_word' id='word_1_102' title='bbox 430 1425 489 1480; x_wconf 87' lang='lat' dir='ltr'><strong>haee</strong></span> <span class='ocrx_word' id='word_1_103' title='bbox 501 1427 641 1498; x_wconf 84' lang='lat' dir='ltr'><strong>singulatim</strong></span> <span class='ocrx_word' id='word_1_104' title='bbox 652 1425 768 1494; x_wconf 80' lang='lat' dir='ltr'><strong>expiscari</strong></span> <span class='ocrx_word' id='word_1_105' title='bbox 780 1426 917 1495; x_wconf 77' lang='lat' dir='ltr'><strong>interpretis</strong></span> <span class='ocrx_word' id='word_1_106' title='bbox 934 1426 1041 1481; x_wconf 88' lang='lat' dir='ltr'><strong>ollicium</strong></span> <span class='ocrx_word' id='word_1_107' title='bbox 1053 1434 1103 1489; x_wconf 76' lang='lat' dir='ltr'><strong>est,</strong></span> <span class='ocrx_word' id='word_1_108' title='bbox 1121 1439 1166 1478; x_wconf 92' lang='lat' dir='ltr'><strong>neo</strong></span> <span class='ocrx_word' id='word_1_109' title='bbox 1177 1424 1264 1478; x_wconf 89' lang='lat' dir='ltr'><strong>desunt</strong></span> <span class='ocrx_word' id='word_1_110' title='bbox 1275 1426 1315 1495; x_wconf 85' lang='lat' dir='ltr'><strong>qni</strong></span> <span class='ocrx_word' id='word_1_111' title='bbox 1329 1425 1349 1477; x_wconf 91' lang='lat' dir='ltr'><strong>in</strong></span> 
     </span>
     <span class='ocr_line' id='line_1_13' title="bbox 371 1508 1350 1579; baseline 0 -16"><span class='ocrx_word' id='word_1_112' title='bbox 371 1510 549 1565; x_wconf 88' lang='lat' dir='ltr'><strong>commentariis</strong></span> <span class='ocrx_word' id='word_1_113' title='bbox 564 1512 615 1564; x_wconf 89' lang='lat' dir='ltr'><strong>suis</strong></span> <span class='ocrx_word' id='word_1_114' title='bbox 626 1510 697 1564; x_wconf 89' lang='lat' dir='ltr'><strong>docte</strong></span> <span class='ocrx_word' id='word_1_115' title='bbox 708 1518 733 1563; x_wconf 90' lang='lat' dir='ltr'><strong>ct</strong></span> <span class='ocrx_word' id='word_1_116' title='bbox 749 1519 819 1564; x_wconf 86' lang='lat' dir='ltr'><strong>acute</strong></span> <span class='ocrx_word' id='word_1_117' title='bbox 831 1510 1022 1569; x_wconf 72' lang='lat' dir='ltr'><strong>enucleaverintz</strong></span> <span class='ocrx_word' id='word_1_118' title='bbox 1039 1509 1109 1563; x_wconf 86' lang='lat' dir='ltr'><strong>nobis</strong></span> <span class='ocrx_word' id='word_1_119' title='bbox 1119 1511 1191 1563; x_wconf 87' lang='lat' dir='ltr'><strong>etiam</strong></span> <span class='ocrx_word' id='word_1_120' title='bbox 1204 1508 1282 1579; x_wconf 81' lang='lat' dir='ltr'><strong>magis</strong></span> <span class='ocrx_word' id='word_1_121' title='bbox 1294 1509 1350 1564; x_wconf 91' lang='lat' dir='ltr'><strong>illnd</strong></span> 
     </span>
     <span class='ocr_line' id='line_1_14' title="bbox 370 1594 1349 1664; baseline -0.004 -15"><span class='ocrx_word' id='word_1_122' title='bbox 370 1595 503 1649; x_wconf 79' lang='lat' dir='ltr'><strong>cavendum</strong></span> <span class='ocrx_word' id='word_1_123' title='bbox 514 1609 567 1648; x_wconf 75' lang='lat' dir='ltr'><strong>esse</strong></span> <span class='ocrx_word' id='word_1_124' title='bbox 576 1595 727 1657; x_wconf 78' lang='lat' dir='ltr'><strong>uidetor‚·ne</strong></span> <span class='ocrx_word' id='word_1_125' title='bbox 737 1595 835 1648; x_wconf 91' lang='lat' dir='ltr'><strong>nimiam</strong></span> <span class='ocrx_word' id='word_1_126' title='bbox 846 1609 890 1664; x_wconf 91' lang='lat' dir='ltr'><strong>per</strong></span> <span class='ocrx_word' id='word_1_127' title='bbox 899 1595 1056 1649; x_wconf 77' lang='lat' dir='ltr'><strong>subtilitatem</strong></span> <span class='ocrx_word' id='word_1_128' title='bbox 1078 1594 1131 1663; x_wconf 85' lang='lat' dir='ltr'><strong>plus</strong></span> <span class='ocrx_word' id='word_1_129' title='bbox 1143 1602 1227 1662; x_wconf 90' lang='lat' dir='ltr'><strong>poetae</strong></span> <span class='ocrx_word' id='word_1_130' title='bbox 1238 1594 1349 1648; x_wconf 87' lang='lat' dir='ltr'><strong>obtnrda·</strong></span> 
     </span>
     <span class='ocr_line' id='line_1_15' title="bbox 371 1677 1348 1751; baseline 0 -19"><span class='ocrx_word' id='word_1_131' title='bbox 371 1689 416 1740; x_wconf 81' lang='lat' dir='ltr'><strong>tur,</strong></span> <span class='ocrx_word' id='word_1_132' title='bbox 434 1695 505 1751; x_wconf 87' lang='lat' dir='ltr'><strong>quam</strong></span> <span class='ocrx_word' id='word_1_133' title='bbox 517 1695 573 1733; x_wconf 89' lang='lat' dir='ltr'><strong>enm</strong></span> <span class='ocrx_word' id='word_1_134' title='bbox 583 1679 664 1734; x_wconf 75' lang='lat' dir='ltr'><strong>dicere</strong></span> <span class='ocrx_word' id='word_1_135' title='bbox 673 1679 778 1734; x_wconf 88' lang='lat' dir='ltr'><strong>uoluisse</strong></span> <span class='ocrx_word' id='word_1_136' title='bbox 788 1693 818 1732; x_wconf 80' lang='lat' dir='ltr'><strong>ex</strong></span> <span class='ocrx_word' id='word_1_137' title='bbox 830 1680 942 1735; x_wconf 79' lang='lat' dir='ltr'><strong>universo</strong></span> <span class='ocrx_word' id='word_1_138' title='bbox 953 1680 1000 1734; x_wconf 89' lang='lat' dir='ltr'><strong>loci</strong></span> <span class='ocrx_word' id='word_1_139' title='bbox 1017 1686 1161 1749; x_wconf 77' lang='lat' dir='ltr'><strong>argumento</strong></span> <span class='ocrx_word' id='word_1_140' title='bbox 1175 1693 1279 1748; x_wconf 88' lang='lat' dir='ltr'><strong>cumque</strong></span> <span class='ocrx_word' id='word_1_141' title='bbox 1296 1677 1348 1732; x_wconf 89' lang='lat' dir='ltr'><strong>reli·</strong></span> 
     </span>
     <span class='ocr_line' id='line_1_16' title="bbox 370 1762 1347 1835; baseline -0.002 -16"><span class='ocrx_word' id='word_1_142' title='bbox 370 1766 423 1835; x_wconf 82' lang='lat' dir='ltr'><strong>quis</strong></span> <span class='ocrx_word' id='word_1_143' title='bbox 432 1780 495 1818; x_wconf 80' lang='lat' dir='ltr'><strong>nexu</strong></span> <span class='ocrx_word' id='word_1_144' title='bbox 508 1765 622 1834; x_wconf 65' lang='lat' dir='ltr'><strong>prodeam</strong></span> <span class='ocrx_word' id='word_1_145' title='bbox 634 1764 698 1820; x_wconf 87' lang='lat' dir='ltr'><strong>bunc</strong></span> <span class='ocrx_word' id='word_1_146' title='bbox 710 1764 785 1834; x_wconf 84' lang='lat' dir='ltr'><strong>igitur</strong></span> <span class='ocrx_word' id='word_1_147' title='bbox 795 1772 823 1818; x_wconf 92' lang='lat' dir='ltr'><strong>ut</strong></span> <span class='ocrx_word' id='word_1_148' title='bbox 834 1765 945 1823; x_wconf 75' lang='lat' dir='ltr'><strong>lectores,</strong></span> <span class='ocrx_word' id='word_1_149' title='bbox 954 1763 1192 1835; x_wconf 82' lang='lat' dir='ltr'><strong>prinsquamsingula</strong></span> <span class='ocrx_word' id='word_1_150' title='bbox 1204 1762 1347 1834; x_wconf 83' lang='lat' dir='ltr'><strong>aggredian-</strong></span> 
     </span>
    </p>
   </div>
   <div class='ocr_carea' id='block_1_3' title="bbox 364 1931 1347 3009">
    <p class='ocr_par' dir='ltr' id='par_1_3' title="bbox 364 1931 1347 3009">
     <span class='ocr_line' id='line_1_17' title="bbox 371 1931 1345 2003; baseline -0.005 -16"><span class='ocrx_word' id='word_1_151' title='bbox 371 1935 446 2002; x_wconf 90' lang='lat' dir='ltr'><strong>primo</strong></span> <span class='ocrx_word' id='word_1_152' title='bbox 458 1934 627 1988; x_wconf 88' lang='lat' dir='ltr'><strong>accedentibus</strong></span> <span class='ocrx_word' id='word_1_153' title='bbox 634 1936 697 1989; x_wconf 90' lang='lat' dir='ltr'><strong>scitu</strong></span> <span class='ocrx_word' id='word_1_154' title='bbox 709 1949 770 2003; x_wconf 92' lang='lat' dir='ltr'><strong>opus</strong></span> <span class='ocrx_word' id='word_1_155' title='bbox 782 1949 834 1987; x_wconf 75' lang='lat' dir='ltr'><strong>esse</strong></span> <span class='ocrx_word' id='word_1_156' title='bbox 845 1934 963 2000; x_wconf 76' lang='lat' dir='ltr'><strong>videatur,</strong></span> <span class='ocrx_word' id='word_1_157' title='bbox 973 1934 1054 2003; x_wconf 85' lang='lat' dir='ltr'><strong>paucis</strong></span> <span class='ocrx_word' id='word_1_158' title='bbox 1067 1933 1105 1986; x_wconf 87' lang='lat' dir='ltr'><strong>bic</strong></span> <span class='ocrx_word' id='word_1_159' title='bbox 1117 1931 1345 2000; x_wconf 83' lang='lat' dir='ltr'><strong>comprehendimus.</strong></span> 
     </span>
     <span class='ocr_line' id='line_1_18' title="bbox 371 2017 1347 2090; baseline -0.001 -18"><span class='ocrx_word' id='word_1_160' title='bbox 371 2017 400 2072; x_wconf 77' lang='lat' dir='ltr'><strong>Et</strong></span> <span class='ocrx_word' id='word_1_161' title='bbox 407 2019 482 2090; x_wconf 63' lang='lat' dir='ltr'><strong>prom</strong></span> <span class='ocrx_word' id='word_1_162' title='bbox 492 2018 588 2088; x_wconf 87' lang='lat' dir='ltr'><strong>quidem</strong></span> <span class='ocrx_word' id='word_1_163' title='bbox 599 2019 654 2072; x_wconf 91' lang='lat' dir='ltr'><strong>libri</strong></span> <span class='ocrx_word' id='word_1_164' title='bbox 663 2019 735 2072; x_wconf 89' lang='lat' dir='ltr'><strong>satira</strong></span> <span class='ocrx_word' id='word_1_165' title='bbox 742 2019 835 2088; x_wconf 66' lang='lat' dir='ltr'><strong>pmcne.</strong></span> <span class='ocrx_word' id='word_1_166' title='bbox 848 2033 919 2088; x_wconf 77' lang='lat' dir='ltr'><strong>quarn</strong></span> <span class='ocrx_word' id='word_1_167' title='bbox 932 2025 986 2087; x_wconf 90' lang='lat' dir='ltr'><strong>post</strong></span> <span class='ocrx_word' id='word_1_168' title='bbox 998 2033 1018 2071; x_wconf 94' lang='lat' dir='ltr'><strong>a.</strong></span> <span class='ocrx_word' id='word_1_169' title='bbox 1037 2023 1084 2073; x_wconf 85' lang='lat'><strong>100</strong></span> <span class='ocrx_word' id='word_1_170' title='bbox 1095 2017 1208 2084; x_wconf 89' lang='lat' dir='ltr'><strong>scriptam</strong></span> <span class='ocrx_word' id='word_1_171' title='bbox 1218 2031 1271 2070; x_wconf 73' lang='lat' dir='ltr'><strong>esse</strong></span> <span class='ocrx_word' id='word_1_172' title='bbox 1283 2017 1347 2071; x_wconf 83' lang='lat' dir='ltr'><strong>ilarii</strong></span> 
     </span>
     <span class='ocr_line' id='line_1_19' title="bbox 370 2100 1345 2172; baseline -0.003 -16"><span class='ocrx_word' id='word_1_173' title='bbox 370 2101 443 2156; x_wconf 83' lang='lat' dir='ltr'><strong>Prisci</strong></span> <span class='ocrx_word' id='word_1_174' title='bbox 455 2103 544 2156; x_wconf 89' lang='lat' dir='ltr'><strong>mentio</strong></span> <span class='ocrx_word' id='word_1_175' title='bbox 555 2103 641 2160; x_wconf 73' lang='lat' dir='ltr'><strong>docet.</strong></span> <span class='ocrx_word' id='word_1_176' title='bbox 653 2103 731 2171; x_wconf 92' lang='lat' dir='ltr'><strong>ipsum</strong></span> <span class='ocrx_word' id='word_1_177' title='bbox 742 2102 868 2154; x_wconf 87' lang='lat' dir='ltr'><strong>satirarum</strong></span> <span class='ocrx_word' id='word_1_178' title='bbox 879 2102 1058 2155; x_wconf 84' lang='lat' dir='ltr'><strong>scribendarum</strong></span> <span class='ocrx_word' id='word_1_179' title='bbox 1069 2100 1209 2161; x_wconf 83' lang='lat' dir='ltr'><strong>consilium.</strong></span> <span class='ocrx_word' id='word_1_180' title='bbox 1221 2110 1345 2172; x_wconf 88' lang='lat' dir='ltr'><strong>postquam</strong></span> 
     </span>
     <span class='ocr_line' id='line_1_20' title="bbox 368 2184 1344 2256; baseline 0.003 -16"><span class='ocrx_word' id='word_1_181' title='bbox 368 2186 454 2240; x_wconf 90' lang='lat' dir='ltr'><strong>eodem</strong></span> <span class='ocrx_word' id='word_1_182' title='bbox 465 2201 521 2239; x_wconf 88' lang='lat' dir='ltr'><strong>com</strong></span> <span class='ocrx_word' id='word_1_183' title='bbox 533 2186 629 2256; x_wconf 83' lang='lat' dir='ltr'><strong>reliquis</strong></span> <span class='ocrx_word' id='word_1_184' title='bbox 641 2187 720 2254; x_wconf 90' lang='lat' dir='ltr'><strong>poesis</strong></span> <span class='ocrx_word' id='word_1_185' title='bbox 729 2185 861 2256; x_wconf 84' lang='lat' dir='ltr'><strong>generibus</strong></span> <span class='ocrx_word' id='word_1_186' title='bbox 877 2185 929 2239; x_wconf 91' lang='lat' dir='ltr'><strong>iure</strong></span> <span class='ocrx_word' id='word_1_187' title='bbox 939 2186 974 2238; x_wconf 89' lang='lat' dir='ltr'><strong>uti</strong></span> <span class='ocrx_word' id='word_1_188' title='bbox 991 2184 1069 2254; x_wconf 91' lang='lat' dir='ltr'><strong>lepide</strong></span> <span class='ocrx_word' id='word_1_189' title='bbox 1081 2185 1152 2237; x_wconf 88' lang='lat' dir='ltr'><strong>evicit</strong></span> <span class='ocrx_word' id='word_1_190' title='bbox 1164 2185 1200 2249; x_wconf 85' lang='lat' dir='ltr'><strong>(r.</strong></span> <span class='ocrx_word' id='word_1_191' title='bbox 1221 2191 1230 2240; x_wconf 96' lang='grc'><strong>1</strong></span> <span class='ocrx_word' id='word_1_192' title='bbox 1244 2214 1278 2224; x_wconf 90' lang='lat'><em>-</em></span> <span class='ocrx_word' id='word_1_193' title='bbox 1292 2191 1344 2253; x_wconf 88' lang='grc'><strong>18),</strong></span> 
     </span>
     <span class='ocr_line' id='line_1_21' title="bbox 368 2269 1346 2340; baseline 0.001 -15"><span class='ocrx_word' id='word_1_194' title='bbox 368 2269 461 2325; x_wconf 87' lang='lat' dir='ltr'><strong>doabns</strong></span> <span class='ocrx_word' id='word_1_195' title='bbox 470 2269 575 2324; x_wconf 82' lang='lat' dir='ltr'><strong>manime</strong></span> <span class='ocrx_word' id='word_1_196' title='bbox 585 2271 664 2325; x_wconf 87' lang='lat' dir='ltr'><strong>causis</strong></span> <span class='ocrx_word' id='word_1_197' title='bbox 675 2269 794 2324; x_wconf 78' lang='lat' dir='ltr'><strong>defendit:</strong></span> <span class='ocrx_word' id='word_1_198' title='bbox 807 2270 911 2339; x_wconf 91' lang='lat' dir='ltr'><strong>primum</strong></span> <span class='ocrx_word' id='word_1_199' title='bbox 921 2270 975 2340; x_wconf 88' lang='lat' dir='ltr'><strong>quia</strong></span> <span class='ocrx_word' id='word_1_200' title='bbox 986 2269 1087 2324; x_wconf 92' lang='lat' dir='ltr'><strong>intanta</strong></span> <span class='ocrx_word' id='word_1_201' title='bbox 1098 2270 1210 2324; x_wconf 89' lang='lat' dir='ltr'><strong>vitiorum</strong></span> <span class='ocrx_word' id='word_1_202' title='bbox 1220 2271 1346 2326; x_wconf 75' lang='lat' dir='ltr'><strong>atrocitate</strong></span> 
     </span>
     <span class='ocr_line' id='line_1_22' title="bbox 368 2354 1344 2427; baseline 0.002 -18"><span class='ocrx_word' id='word_1_203' title='bbox 368 2356 500 2427; x_wconf 84' lang='lat' dir='ltr'><strong>indignatio</strong></span> <span class='ocrx_word' id='word_1_204' title='bbox 511 2368 584 2425; x_wconf 79' lang='lat' dir='ltr'><strong>aegre</strong></span> <span class='ocrx_word' id='word_1_205' title='bbox 595 2355 746 2409; x_wconf 90' lang='lat' dir='ltr'><strong>contineatur</strong></span> <span class='ocrx_word' id='word_1_206' title='bbox 760 2355 944 2422; x_wconf 69' lang='grc'><strong>(1.19-811),</strong></span> <span class='ocrx_word' id='word_1_207' title='bbox 961 2354 1047 2409; x_wconf 91' lang='lat' dir='ltr'><strong>deinde</strong></span> <span class='ocrx_word' id='word_1_208' title='bbox 1057 2355 1112 2425; x_wconf 83' lang='lat' dir='ltr'><strong>qnia</strong></span> <span class='ocrx_word' id='word_1_209' title='bbox 1124 2354 1215 2409; x_wconf 87' lang='lat' dir='ltr'><strong>nullum</strong></span> <span class='ocrx_word' id='word_1_210' title='bbox 1226 2355 1344 2410; x_wconf 88' lang='lat' dir='ltr'><strong>scribendi</strong></span> 
     </span>
     <span class='ocr_line' id='line_1_23' title="bbox 367 2439 1345 2511; baseline 0.002 -19"><span class='ocrx_word' id='word_1_211' title='bbox 367 2454 445 2511; x_wconf 84' lang='lat' dir='ltr'><strong>genus</strong></span> <span class='ocrx_word' id='word_1_212' title='bbox 460 2454 524 2493; x_wconf 84' lang='lat' dir='ltr'><strong>nrroc</strong></span> <span class='ocrx_word' id='word_1_213' title='bbox 534 2440 675 2508; x_wconf 89' lang='lat' dir='ltr'><strong>ampliorem</strong></span> <span class='ocrx_word' id='word_1_214' title='bbox 686 2440 810 2492; x_wconf 87' lang='lat' dir='ltr'><strong>materiam</strong></span> <span class='ocrx_word' id='word_1_215' title='bbox 821 2439 925 2491; x_wconf 78' lang='lat' dir='ltr'><strong>inveniat</strong></span> <span class='ocrx_word' id='word_1_216' title='bbox 936 2440 973 2504; x_wconf 84' lang='lat' dir='ltr'><strong>(n.</strong></span> <span class='ocrx_word' id='word_1_217' title='bbox 986 2443 1016 2494; x_wconf 87' lang='grc'><strong>81</strong></span> <span class='ocrx_word' id='word_1_218' title='bbox 1031 2466 1065 2476; x_wconf 94' lang='lat'><strong>—-</strong></span> <span class='ocrx_word' id='word_1_219' title='bbox 1079 2442 1153 2501; x_wconf 72' lang='lat' dir='ltr'><strong>leot:</strong></span> <span class='ocrx_word' id='word_1_220' title='bbox 1172 2447 1294 2508; x_wconf 85' lang='lat' dir='ltr'><strong>postremo</strong></span> <span class='ocrx_word' id='word_1_221' title='bbox 1305 2456 1345 2494; x_wconf 79' lang='lat' dir='ltr'><strong>ve·</strong></span> 
     </span>
     <span class='ocr_line' id='line_1_24' title="bbox 366 2522 1344 2594; baseline 0 -16"><span class='ocrx_word' id='word_1_222' title='bbox 366 2524 403 2578; x_wconf 89' lang='lat' dir='ltr'><strong>lut</strong></span> <span class='ocrx_word' id='word_1_223' title='bbox 418 2523 584 2593; x_wconf 82' lang='lat' dir='ltr'><strong>interpellante</strong></span> <span class='ocrx_word' id='word_1_224' title='bbox 599 2524 722 2593; x_wconf 84' lang='lat' dir='ltr'><strong>prudentia</strong></span> <span class='ocrx_word' id='word_1_225' title='bbox 738 2522 838 2577; x_wconf 86' lang='lat' dir='ltr'><strong>callidae</strong></span> <span class='ocrx_word' id='word_1_226' title='bbox 853 2523 972 2576; x_wconf 89' lang='lat' dir='ltr'><strong>cautionis</strong></span> <span class='ocrx_word' id='word_1_227' title='bbox 988 2530 1202 2592; x_wconf 87' lang='lat' dir='ltr'><strong>temperamentum</strong></span> <span class='ocrx_word' id='word_1_228' title='bbox 1220 2525 1344 2594; x_wconf 88' lang='lat' dir='ltr'><strong>pollicetur</strong></span> 
     </span>
     <span class='ocr_line' id='line_1_25' title="bbox 365 2606 1344 2679; baseline 0.003 -19"><span class='ocrx_word' id='word_1_229' title='bbox 365 2607 401 2672; x_wconf 87' lang='lat' dir='ltr'><strong>(n.</strong></span> <span class='ocrx_word' id='word_1_230' title='bbox 417 2612 465 2665; x_wconf 82' lang='grc'><strong>151</strong></span> <span class='ocrx_word' id='word_1_231' title='bbox 476 2634 512 2647; x_wconf 90' lang='grc'><strong>-</strong></span> <span class='ocrx_word' id='word_1_232' title='bbox 522 2610 594 2675; x_wconf 86' lang='grc'><strong>171).</strong></span> <span class='ocrx_word' id='word_1_233' title='bbox 626 2606 737 2663; x_wconf 72' lang='lat' dir='ltr'><strong>&amp;enode</strong></span> <span class='ocrx_word' id='word_1_234' title='bbox 747 2607 818 2662; x_wconf 88' lang='lat' dir='ltr'><strong>satira</strong></span> <span class='ocrx_word' id='word_1_235' title='bbox 831 2623 879 2661; x_wconf 91' lang='lat' dir='ltr'><strong>non</strong></span> <span class='ocrx_word' id='word_1_236' title='bbox 893 2607 1028 2679; x_wconf 85' lang='lat' dir='ltr'><strong>hypocritas</strong></span> <span class='ocrx_word' id='word_1_237' title='bbox 1038 2615 1139 2670; x_wconf 86' lang='lat' dir='ltr'><strong>tantum</strong></span> <span class='ocrx_word' id='word_1_238' title='bbox 1151 2614 1178 2661; x_wconf 90' lang='lat' dir='ltr'><strong>ut</strong></span> <span class='ocrx_word' id='word_1_239' title='bbox 1189 2608 1212 2662; x_wconf 92' lang='lat' dir='ltr'><strong>in</strong></span> <span class='ocrx_word' id='word_1_240' title='bbox 1223 2610 1344 2663; x_wconf 76' lang='lat' dir='ltr'><strong>ueteribus</strong></span> 
     </span>
     <span class='ocr_line' id='line_1_26' title="bbox 364 2691 1344 2763; baseline 0.001 -17"><span class='ocrx_word' id='word_1_241' title='bbox 364 2691 508 2747; x_wconf 84' lang='lat' dir='ltr'><strong>editionibus</strong></span> <span class='ocrx_word' id='word_1_242' title='bbox 524 2700 573 2755; x_wconf 79' lang='lat' dir='ltr'><strong>eet.</strong></span> <span class='ocrx_word' id='word_1_243' title='bbox 588 2693 627 2747; x_wconf 81' lang='lat' dir='ltr'><strong>nel</strong></span> <span class='ocrx_word' id='word_1_244' title='bbox 647 2692 802 2763; x_wconf 84' lang='lat' dir='ltr'><strong>philosophos</strong></span> <span class='ocrx_word' id='word_1_245' title='bbox 823 2692 956 2756; x_wconf 73' lang='lat' dir='ltr'><strong>obscenos,</strong></span> <span class='ocrx_word' id='word_1_246' title='bbox 974 2692 1015 2746; x_wconf 86' lang='lat' dir='ltr'><strong>sed</strong></span> <span class='ocrx_word' id='word_1_247' title='bbox 1037 2692 1067 2746; x_wconf 92' lang='lat' dir='ltr'><strong>ab</strong></span> <span class='ocrx_word' id='word_1_248' title='bbox 1082 2691 1119 2745; x_wconf 84' lang='lat' dir='ltr'><strong>bie</strong></span> <span class='ocrx_word' id='word_1_249' title='bbox 1136 2692 1208 2746; x_wconf 92' lang='lat' dir='ltr'><strong>modo</strong></span> <span class='ocrx_word' id='word_1_250' title='bbox 1227 2693 1344 2763; x_wconf 86' lang='lat' dir='ltr'><strong>principio</strong></span> 
     </span>
     <span class='ocr_line' id='line_1_27' title="bbox 364 2774 1342 2848; baseline 0.001 -18"><span class='ocrx_word' id='word_1_251' title='bbox 364 2774 438 2830; x_wconf 91' lang='lat' dir='ltr'><strong>ducto</strong></span> <span class='ocrx_word' id='word_1_252' title='bbox 450 2778 478 2844; x_wconf 84' lang='lat' dir='ltr'><strong>(u</strong></span> <span class='ocrx_word' id='word_1_253' title='bbox 502 2782 509 2825; x_wconf 93' lang='grc'><strong>1</strong></span> <span class='ocrx_word' id='word_1_254' title='bbox 522 2805 558 2815; x_wconf 92' lang='grc'><strong>-</strong></span> <span class='ocrx_word' id='word_1_255' title='bbox 569 2778 616 2845; x_wconf 80' lang='lat'><strong>35)</strong></span> <span class='ocrx_word' id='word_1_256' title='bbox 628 2791 725 2831; x_wconf 90' lang='lat' dir='ltr'><strong>omnem</strong></span> <span class='ocrx_word' id='word_1_257' title='bbox 736 2778 836 2831; x_wconf 88' lang='lat' dir='ltr'><strong>masculi</strong></span> <span class='ocrx_word' id='word_1_258' title='bbox 847 2777 944 2848; x_wconf 85' lang='lat' dir='ltr'><strong>generis</strong></span> <span class='ocrx_word' id='word_1_259' title='bbox 954 2777 1125 2846; x_wconf 89' lang='lat' dir='ltr'><strong>turpitudinem</strong></span> <span class='ocrx_word' id='word_1_260' title='bbox 1137 2787 1162 2830; x_wconf 86' lang='lat' dir='ltr'><strong>et</strong></span> <span class='ocrx_word' id='word_1_261' title='bbox 1174 2777 1298 2831; x_wconf 90' lang='lat' dir='ltr'><strong>mollitiem</strong></span> <span class='ocrx_word' id='word_1_262' title='bbox 1312 2780 1342 2830; x_wconf 88' lang='lat' dir='ltr'><strong>ita</strong></span> 
     </span>
     <span class='ocr_line' id='line_1_28' title="bbox 364 2860 1341 2931; baseline 0 -16"><span class='ocrx_word' id='word_1_263' title='bbox 364 2860 500 2924; x_wconf 76' lang='grc'><strong>1111111111,</strong></span> <span class='ocrx_word' id='word_1_264' title='bbox 512 2869 539 2915; x_wconf 91' lang='lat' dir='ltr'><strong>ut</strong></span> <span class='ocrx_word' id='word_1_265' title='bbox 550 2863 653 2931; x_wconf 87' lang='lat' dir='ltr'><strong>primum</strong></span> <span class='ocrx_word' id='word_1_266' title='bbox 659 2860 784 2915; x_wconf 81' lang='lat' dir='ltr'><strong>baroniam</strong></span> <span class='ocrx_word' id='word_1_267' title='bbox 797 2862 922 2916; x_wconf 83' lang='lat' dir='ltr'><strong>moecham</strong></span> <span class='ocrx_word' id='word_1_268' title='bbox 933 2862 957 2915; x_wconf 93' lang='lat' dir='ltr'><strong>in</strong></span> <span class='ocrx_word' id='word_1_269' title='bbox 968 2861 1203 2931; x_wconf 84' lang='lat' dir='ltr'><strong>mammooluptates</strong></span> <span class='ocrx_word' id='word_1_270' title='bbox 1214 2864 1278 2917; x_wconf 88' lang='lat' dir='ltr'><strong>omni</strong></span> <span class='ocrx_word' id='word_1_271' title='bbox 1292 2878 1341 2915; x_wconf 90' lang='lat' dir='ltr'><strong>mn·</strong></span> 
     </span>
     <span class='ocr_line' id='line_1_29' title="bbox 364 2944 1340 3009; baseline -0.001 -8"><span class='ocrx_word' id='word_1_272' title='bbox 364 2944 432 3001; x_wconf 84' lang='lat' dir='ltr'><strong>liebri</strong></span> <span class='ocrx_word' id='word_1_273' title='bbox 448 2945 546 3001; x_wconf 85' lang='lat' dir='ltr'><strong>libidine</strong></span> <span class='ocrx_word' id='word_1_274' title='bbox 562 2946 682 3001; x_wconf 83' lang='lat' dir='ltr'><strong>foediores</strong></span> <span class='ocrx_word' id='word_1_275' title='bbox 693 2962 741 3001; x_wconf 93' lang='lat' dir='ltr'><strong>non</strong></span> <span class='ocrx_word' id='word_1_276' title='bbox 753 2946 848 3000; x_wconf 74' lang='lat' dir='ltr'><strong>indocte</strong></span> <span class='ocrx_word' id='word_1_277' title='bbox 858 2945 1032 3001; x_wconf 87' lang='lat' dir='ltr'><strong>declamantem</strong></span> <span class='ocrx_word' id='word_1_278' title='bbox 1043 2945 1140 2999; x_wconf 90' lang='lat' dir='ltr'><strong>inducat</strong></span> <span class='ocrx_word' id='word_1_279' title='bbox 1151 2949 1184 3008; x_wconf 79' lang='lat' dir='ltr'><strong>(v.</strong></span> <span class='ocrx_word' id='word_1_280' title='bbox 1198 2947 1232 3002; x_wconf 79' lang='lat'><strong>36</strong></span> <span class='ocrx_word' id='word_1_281' title='bbox 1241 2946 1340 3009; x_wconf 52' lang='grc' dir='ltr'><strong>ᾑ113),</strong></span> 
     </span>
    </p>
   </div>
   <div class='ocr_carea' id='block_1_4' title="bbox 278 3028 1341 3103">
    <p class='ocr_par' dir='ltr' id='par_1_4' title="bbox 278 3028 1341 3103">
     <span class='ocr_line' id='line_1_30' title="bbox 278 3028 1341 3103; baseline -0.002 -18"><span class='ocrx_word' id='word_1_282' title='bbox 278 3070 281 3076; x_wconf 72' lang='grc'><em>.</em></span> <span class='ocrx_word' id='word_1_283' title='bbox 364 3036 479 3085; x_wconf 76' lang='grc'><strong>11111111</strong></span> <span class='ocrx_word' id='word_1_284' title='bbox 490 3044 521 3084; x_wconf 89' lang='lat' dir='ltr'><strong>ne</strong></span> <span class='ocrx_word' id='word_1_285' title='bbox 530 3028 646 3086; x_wconf 77' lang='lat' dir='ltr'><strong>honestos</strong></span> <span class='ocrx_word' id='word_1_286' title='bbox 652 3031 748 3103; x_wconf 90' lang='lat' dir='ltr'><strong>quidem</strong></span> <span class='ocrx_word' id='word_1_287' title='bbox 760 3030 868 3084; x_wconf 87' lang='lat' dir='ltr'><strong>homines</strong></span> <span class='ocrx_word' id='word_1_288' title='bbox 873 3031 995 3086; x_wconf 87' lang='lat' dir='ltr'><strong>conrmuni</strong></span> <span class='ocrx_word' id='word_1_289' title='bbox 1008 3030 1060 3083; x_wconf 89' lang='lat' dir='ltr'><strong>labe</strong></span> <span class='ocrx_word' id='word_1_290' title='bbox 1071 3029 1341 3100; x_wconf 80' lang='lat' dir='ltr'><strong>abstinercvestiumque</strong></span> 
     </span>
    </p>
   </div>
   <div class='ocr_carea' id='block_1_5' title="bbox 362 3114 1342 3777">
    <p class='ocr_par' dir='ltr' id='par_1_5' title="bbox 362 3114 1342 3777">
     <span class='ocr_line' id='line_1_31' title="bbox 364 3114 1337 3192; baseline -0.002 -23"><span class='ocrx_word' id='word_1_291' title='bbox 364 3114 482 3169; x_wconf 82' lang='lat' dir='ltr'><strong>indecoris</strong></span> <span class='ocrx_word' id='word_1_292' title='bbox 497 3114 589 3169; x_wconf 84' lang='lat' dir='ltr'><strong>deliciis</strong></span> <span class='ocrx_word' id='word_1_293' title='bbox 598 3116 664 3192; x_wconf 86' lang='lat' dir='ltr'><strong>velut</strong></span> <span class='ocrx_word' id='word_1_294' title='bbox 679 3116 743 3169; x_wconf 85' lang='lat' dir='ltr'><strong>viam</strong></span> <span class='ocrx_word' id='word_1_295' title='bbox 753 3114 782 3168; x_wconf 88' lang='lat' dir='ltr'><strong>ad</strong></span> <span class='ocrx_word' id='word_1_296' title='bbox 797 3116 886 3169; x_wconf 90' lang='lat' dir='ltr'><strong>maiora</strong></span> <span class='ocrx_word' id='word_1_297' title='bbox 905 3115 996 3185; x_wconf 82' lang='lat' dir='ltr'><strong>flagitia</strong></span> <span class='ocrx_word' id='word_1_298' title='bbox 1009 3115 1100 3184; x_wconf 90' lang='lat' dir='ltr'><strong>aperire</strong></span> <span class='ocrx_word' id='word_1_299' title='bbox 1110 3120 1196 3186; x_wconf 78' lang='lat' dir='ltr'><strong>arguat</strong></span> <span class='ocrx_word' id='word_1_300' title='bbox 1208 3115 1243 3180; x_wconf 83' lang='lat' dir='ltr'><strong>(v.</strong></span> <span class='ocrx_word' id='word_1_301' title='bbox 1257 3117 1293 3173; x_wconf 85' lang='grc'><strong>70</strong></span> <span class='ocrx_word' id='word_1_302' title='bbox 1304 3143 1337 3153; x_wconf 91' lang='lat'><em>-</em></span> 
     </span>
     <span class='ocr_line' id='line_1_32' title="bbox 362 3197 1341 3271; baseline 0 -16"><span class='ocrx_word' id='word_1_303' title='bbox 362 3202 422 3263; x_wconf 76' lang='lat' dir='ltr'><strong>ea).</strong></span> <span class='ocrx_word' id='word_1_304' title='bbox 438 3213 540 3271; x_wconf 89' lang='lat' dir='ltr'><strong>qnorum</strong></span> <span class='ocrx_word' id='word_1_305' title='bbox 558 3199 671 3268; x_wconf 84' lang='lat' dir='ltr'><strong>deinceps</strong></span> <span class='ocrx_word' id='word_1_306' title='bbox 686 3200 782 3270; x_wconf 83' lang='lat' dir='ltr'><strong>singula</strong></span> <span class='ocrx_word' id='word_1_307' title='bbox 793 3200 903 3269; x_wconf 81' lang='lat' dir='ltr'><strong>exenrpla</strong></span> <span class='ocrx_word' id='word_1_308' title='bbox 917 3198 956 3253; x_wconf 86' lang='lat' dir='ltr'><strong>vel</strong></span> <span class='ocrx_word' id='word_1_309' title='bbox 966 3213 997 3253; x_wconf 84' lang='lat' dir='ltr'><strong>ex</strong></span> <span class='ocrx_word' id='word_1_310' title='bbox 1007 3197 1107 3253; x_wconf 92' lang='lat' dir='ltr'><strong>nelanda</strong></span> <span class='ocrx_word' id='word_1_311' title='bbox 1120 3197 1271 3253; x_wconf 87' lang='lat' dir='ltr'><strong>muliebrium</strong></span> <span class='ocrx_word' id='word_1_312' title='bbox 1282 3201 1341 3255; x_wconf 89' lang='lat' dir='ltr'><strong>ceri·</strong></span> 
     </span>
     <span class='ocr_line' id='line_1_33' title="bbox 364 3282 1342 3354; baseline 0.002 -17"><span class='ocrx_word' id='word_1_313' title='bbox 364 3284 497 3338; x_wconf 83' lang='lat' dir='ltr'><strong>monianum</strong></span> <span class='ocrx_word' id='word_1_314' title='bbox 515 3283 647 3337; x_wconf 80' lang='lat' dir='ltr'><strong>imitatione</strong></span> <span class='ocrx_word' id='word_1_315' title='bbox 659 3286 694 3349; x_wconf 81' lang='grc' dir='ltr'><strong>(ν.</strong></span> <span class='ocrx_word' id='word_1_316' title='bbox 706 3286 785 3341; x_wconf 82' lang='grc'><strong>83-</strong></span> <span class='ocrx_word' id='word_1_317' title='bbox 798 3286 861 3344; x_wconf 75' lang='lat' dir='ltr'><strong>nat)</strong></span> <span class='ocrx_word' id='word_1_318' title='bbox 874 3284 911 3337; x_wconf 83' lang='lat' dir='ltr'><strong>vel</strong></span> <span class='ocrx_word' id='word_1_319' title='bbox 927 3297 958 3337; x_wconf 82' lang='lat' dir='ltr'><strong>ex</strong></span> <span class='ocrx_word' id='word_1_320' title='bbox 976 3282 1073 3337; x_wconf 84' lang='lat' dir='ltr'><strong>ludicris</strong></span> <span class='ocrx_word' id='word_1_321' title='bbox 1090 3284 1206 3337; x_wconf 80' lang='lat' dir='ltr'><strong>maionim</strong></span> <span class='ocrx_word' id='word_1_322' title='bbox 1224 3285 1342 3354; x_wconf 83' lang='lat' dir='ltr'><strong>gravitate</strong></span> 
     </span>
     <span class='ocr_line' id='line_1_34' title="bbox 363 3367 1340 3440; baseline 0 -18"><span class='ocrx_word' id='word_1_323' title='bbox 363 3367 469 3440; x_wconf 84' lang='lat' dir='ltr'><strong>indignis</strong></span> <span class='ocrx_word' id='word_1_324' title='bbox 481 3368 517 3431; x_wconf 81' lang='lat' dir='ltr'><strong>(v.</strong></span> <span class='ocrx_word' id='word_1_325' title='bbox 532 3372 629 3424; x_wconf 78' lang='grc'><strong>143-</strong></span> <span class='ocrx_word' id='word_1_326' title='bbox 642 3371 701 3433; x_wconf 74' lang='grc'><strong>158)</strong></span> <span class='ocrx_word' id='word_1_327' title='bbox 713 3368 786 3437; x_wconf 89' lang='lat' dir='ltr'><strong>petita</strong></span> <span class='ocrx_word' id='word_1_328' title='bbox 802 3375 908 3432; x_wconf 86' lang='lat' dir='ltr'><strong>enarrat,</strong></span> <span class='ocrx_word' id='word_1_329' title='bbox 928 3367 1160 3439; x_wconf 83' lang='lat' dir='ltr'><strong>lentissimorumque</strong></span> <span class='ocrx_word' id='word_1_330' title='bbox 1177 3368 1282 3423; x_wconf 82' lang='lat' dir='ltr'><strong>virorum</strong></span> <span class='ocrx_word' id='word_1_331' title='bbox 1300 3386 1340 3440; x_wconf 78' lang='lat' dir='ltr'><strong>po</strong></span> 
     </span>
     <span class='ocr_line' id='line_1_35' title="bbox 362 3451 1339 3525; baseline 0.001 -19"><span class='ocrx_word' id='word_1_332' title='bbox 362 3460 440 3507; x_wconf 87' lang='lat' dir='ltr'><strong>steros</strong></span> <span class='ocrx_word' id='word_1_333' title='bbox 452 3451 481 3506; x_wconf 90' lang='lat' dir='ltr'><strong>ab</strong></span> <span class='ocrx_word' id='word_1_334' title='bbox 492 3451 563 3522; x_wconf 80' lang='lat' dir='ltr'><strong>ipsis,</strong></span> <span class='ocrx_word' id='word_1_335' title='bbox 575 3451 662 3522; x_wconf 84' lang='lat' dir='ltr'><strong>quibos</strong></span> <span class='ocrx_word' id='word_1_336' title='bbox 672 3452 797 3521; x_wconf 78' lang='lat' dir='ltr'><strong>imperent</strong></span> <span class='ocrx_word' id='word_1_337' title='bbox 814 3452 921 3507; x_wconf 85' lang='lat' dir='ltr'><strong>barbaris</strong></span> <span class='ocrx_word' id='word_1_338' title='bbox 931 3466 1026 3506; x_wconf 89' lang='lat' dir='ltr'><strong>momm</strong></span> <span class='ocrx_word' id='word_1_339' title='bbox 1038 3452 1156 3521; x_wconf 85' lang='lat' dir='ltr'><strong>probitate</strong></span> <span class='ocrx_word' id='word_1_340' title='bbox 1165 3453 1272 3523; x_wconf 81' lang='lat' dir='ltr'><strong>superari</strong></span> <span class='ocrx_word' id='word_1_341' title='bbox 1283 3470 1339 3525; x_wconf 81' lang='lat' dir='ltr'><strong>que</strong></span> 
     </span>
     <span class='ocr_line' id='line_1_36' title="bbox 362 3534 1341 3610; baseline 0.003 -20"><span class='ocrx_word' id='word_1_342' title='bbox 362 3536 422 3590; x_wconf 87' lang='lat' dir='ltr'><strong>ritur</strong></span> <span class='ocrx_word' id='word_1_343' title='bbox 432 3538 467 3602; x_wconf 83' lang='lat' dir='ltr'><strong>(v.</strong></span> <span class='ocrx_word' id='word_1_344' title='bbox 485 3537 580 3592; x_wconf 83' lang='grc'><strong>159·-</strong></span> <span class='ocrx_word' id='word_1_345' title='bbox 592 3538 662 3599; x_wconf 84' lang='grc'><strong>110).</strong></span> <span class='ocrx_word' id='word_1_346' title='bbox 687 3535 777 3590; x_wconf 74' lang='lat' dir='ltr'><strong>Terdue</strong></span> <span class='ocrx_word' id='word_1_347' title='bbox 787 3536 875 3590; x_wconf 89' lang='lat' dir='ltr'><strong>satirae</strong></span> <span class='ocrx_word' id='word_1_348' title='bbox 890 3536 991 3607; x_wconf 91' lang='lat' dir='ltr'><strong>plurima</strong></span> <span class='ocrx_word' id='word_1_349' title='bbox 1004 3552 1057 3606; x_wconf 87' lang='lat' dir='ltr'><strong>pars</strong></span> <span class='ocrx_word' id='word_1_350' title='bbox 1067 3538 1091 3590; x_wconf 90' lang='lat' dir='ltr'><strong>in</strong></span> <span class='ocrx_word' id='word_1_351' title='bbox 1105 3534 1220 3592; x_wconf 88' lang='lat' dir='ltr'><strong>Umbricii</strong></span> <span class='ocrx_word' id='word_1_352' title='bbox 1230 3538 1341 3610; x_wconf 74' lang='lat' dir='ltr'><strong>(poetellis</strong></span> 
     </span>
     <span class='ocr_line' id='line_1_37' title="bbox 362 3619 1340 3695; baseline 0.003 -22"><span class='ocrx_word' id='word_1_353' title='bbox 362 3628 476 3676; x_wconf 81' lang='lat' dir='ltr'><strong>versatur.</strong></span> <span class='ocrx_word' id='word_1_354' title='bbox 491 3619 560 3674; x_wconf 76' lang='lat' dir='ltr'><strong>coires</strong></span> <span class='ocrx_word' id='word_1_355' title='bbox 569 3620 614 3674; x_wconf 88' lang='lat' dir='ltr'><strong>eob</strong></span> <span class='ocrx_word' id='word_1_356' title='bbox 626 3635 735 3690; x_wconf 74' lang='lat' dir='ltr'><strong>perstma,</strong></span> <span class='ocrx_word' id='word_1_357' title='bbox 746 3620 805 3674; x_wconf 92' lang='lat' dir='ltr'><strong>dum</strong></span> <span class='ocrx_word' id='word_1_358' title='bbox 817 3619 894 3675; x_wconf 82' lang='lat' dir='ltr'><strong>Roma</strong></span> <span class='ocrx_word' id='word_1_359' title='bbox 907 3621 988 3676; x_wconf 88' lang='lat' dir='ltr'><strong>relicta</strong></span> <span class='ocrx_word' id='word_1_360' title='bbox 994 3620 1083 3675; x_wconf 83' lang='lat' dir='ltr'><strong>Cumae</strong></span> <span class='ocrx_word' id='word_1_361' title='bbox 1092 3622 1263 3695; x_wconf 76' lang='lat' dir='ltr'><strong>transmigrare</strong></span> <span class='ocrx_word' id='word_1_362' title='bbox 1275 3629 1340 3693; x_wconf 90' lang='lat' dir='ltr'><strong>parat</strong></span> 
     </span>
     <span class='ocr_line' id='line_1_38' title="bbox 363 3704 1339 3777; baseline 0.005 -20"><span class='ocrx_word' id='word_1_363' title='bbox 363 3704 400 3772; x_wconf 81' lang='lat' dir='ltr'><strong>(n.</strong></span> <span class='ocrx_word' id='word_1_364' title='bbox 411 3704 538 3771; x_wconf 73' lang='grc'><strong>1-18),</strong></span> <span class='ocrx_word' id='word_1_365' title='bbox 551 3712 621 3773; x_wconf 89' lang='lat' dir='ltr'><strong>poeta</strong></span> <span class='ocrx_word' id='word_1_366' title='bbox 630 3705 736 3760; x_wconf 89' lang='lat' dir='ltr'><strong>urbanae</strong></span> <span class='ocrx_word' id='word_1_367' title='bbox 745 3704 808 3760; x_wconf 85' lang='lat' dir='ltr'><strong>ritae</strong></span> <span class='ocrx_word' id='word_1_368' title='bbox 819 3704 972 3761; x_wconf 81' lang='lat' dir='ltr'><strong>incommoda</strong></span> <span class='ocrx_word' id='word_1_369' title='bbox 982 3704 1152 3777; x_wconf 85' lang='lat' dir='ltr'><strong>quadripertita</strong></span> <span class='ocrx_word' id='word_1_370' title='bbox 1167 3707 1276 3762; x_wconf 77' lang='lat' dir='ltr'><strong>orabone</strong></span> <span class='ocrx_word' id='word_1_371' title='bbox 1285 3720 1339 3777; x_wconf 59' lang='lat' dir='ltr'><strong>per*</strong></span> 
     </span>
    </p>
   </div>
   <div class='ocr_carea' id='block_1_6' title="bbox 360 3787 1337 3861">
    <p class='ocr_par' dir='ltr' id='par_1_6' title="bbox 360 3787 1337 3861">
     <span class='ocr_line' id='line_1_39' title="bbox 360 3787 1337 3861; baseline -0.019 -3"><span class='ocrx_word' id='word_1_372' title='bbox 360 3788 481 3858; x_wconf 68' lang='grc' dir='ltr'><strong>111ιί11</strong></span> <span class='ocrx_word' id='word_1_373' title='bbox 500 3789 604 3859; x_wconf 78' lang='lat' dir='ltr'><strong>onnon</strong></span> <span class='ocrx_word' id='word_1_374' title='bbox 618 3790 674 3861; x_wconf 80' lang='lat' dir='ltr'><strong>qun</strong></span> <span class='ocrx_word' id='word_1_375' title='bbox 685 3789 793 3845; x_wconf 75' lang='lat' dir='ltr'><strong>nouom</strong></span> <span class='ocrx_word' id='word_1_376' title='bbox 807 3790 899 3845; x_wconf 74' lang='lat' dir='ltr'><strong>nonu</strong></span> <span class='ocrx_word' id='word_1_377' title='bbox 908 3789 989 3845; x_wconf 78' lang='lat' dir='ltr'><strong>nouo</strong></span> <span class='ocrx_word' id='word_1_378' title='bbox 1003 3790 1051 3847; x_wconf 80' lang='lat' dir='ltr'><strong>nn</strong></span> <span class='ocrx_word' id='word_1_379' title='bbox 1062 3789 1130 3846; x_wconf 65' lang='lat' dir='ltr'><strong>locu</strong></span> <span class='ocrx_word' id='word_1_380' title='bbox 1146 3790 1244 3847; x_wconf 74' lang='lat' dir='ltr'><strong>ranno</strong></span> <span class='ocrx_word' id='word_1_381' title='bbox 1257 3787 1315 3849; x_wconf 79' lang='lat' dir='ltr'><strong>eit</strong></span> <span class='ocrx_word' id='word_1_382' title='bbox 1332 3830 1337 3839; x_wconf 91' lang='lat'>.</span> 
     </span>
    </p>
   </div>
   <div class='ocr_carea' id='block_1_7' title="bbox 0 0 1722 4575">
    <p class='ocr_par' dir='ltr' id='par_1_7' title="bbox 0 0 1722 4575">
     <span class='ocr_line' id='line_1_40' title="bbox 0 0 1722 4575; baseline 0 6"><span class='ocrx_word' id='word_1_383' title='bbox 0 0 1722 4575; x_wconf 95' lang='lat' dir='ltr'><strong> </strong></span> 
     </span>
    </p>
   </div>
  </div>
 </body>
</html>
