<?xml version="1.0" encoding="UTF-8"?>
<!DOCTYPE html PUBLIC "-//W3C//DTD XHTML 1.0 Transitional//EN"
    "http://www.w3.org/TR/xhtml1/DTD/xhtml1-transitional.dtd">
<html xmlns="http://www.w3.org/1999/xhtml" xml:lang="en" lang="en">
 <head>
  <title>
</title>
<meta http-equiv="Content-Type" content="text/html;charset=utf-8" />
  <meta name='ocr-system' content='tesseract 3.04.00' />
  <meta name='ocr-capabilities' content='ocr_page ocr_carea ocr_par ocr_line ocrx_word'/>
</head>
<body>
  <div class='ocr_page' id='page_1' title='image "./satirarumlibriq00juvegoog_0422.png"; bbox 0 0 3434 4575; ppageno 0'>
   <div class='ocr_carea' id='block_1_1' title="bbox 354 398 1079 514">
    <p class='ocr_par' dir='ltr' id='par_1_1' title="bbox 354 398 1079 514">
     <span class='ocr_line' id='line_1_1' title="bbox 354 398 1079 514; baseline -0.008 -1"><span class='ocrx_word' id='word_1_1' title='bbox 354 450 419 514; x_wconf 76' lang='lat' dir='ltr'>rra</span> <span class='ocrx_word' id='word_1_2' title='bbox 679 398 1079 510; x_wconf 79' lang='lat' dir='ltr'>navannnnrnns</span> 
     </span>
    </p>
   </div>
   <div class='ocr_carea' id='block_1_2' title="bbox 830 647 924 712">
    <p class='ocr_par' dir='ltr' id='par_1_2' title="bbox 830 647 924 712">
     <span class='ocr_line' id='line_1_2' title="bbox 830 647 924 712; baseline 0.021 -4"><span class='ocrx_word' id='word_1_3' title='bbox 830 647 924 712; x_wconf 87' lang='lat' dir='ltr'>LXV.</span> 
     </span>
    </p>
   </div>
   <div class='ocr_carea' id='block_1_3' title="bbox 403 760 1333 1934">
    <p class='ocr_par' dir='ltr' id='par_1_3' title="bbox 403 760 1333 1934">
     <span class='ocr_line' id='line_1_3' title="bbox 442 760 1161 844; baseline 0 -19"><span class='ocrx_word' id='word_1_4' title='bbox 442 760 572 840; x_wconf 80' lang='lat' dir='ltr'>Alcide,</span> <span class='ocrx_word' id='word_1_5' title='bbox 593 760 682 822; x_wconf 89' lang='lat' dir='ltr'>Latio</span> <span class='ocrx_word' id='word_1_6' title='bbox 696 781 778 822; x_wconf 90' lang='lat' dir='ltr'>nunc</span> <span class='ocrx_word' id='word_1_7' title='bbox 794 762 989 839; x_wconf 76' lang='lat' dir='ltr'>agnoscende</span> <span class='ocrx_word' id='word_1_8' title='bbox 1005 763 1161 844; x_wconf 70' lang='lat' dir='ltr'>Tonanti,</span> 
     </span>
     <span class='ocr_line' id='line_1_4' title="bbox 484 843 1211 929; baseline 0.006 -23"><span class='ocrx_word' id='word_1_9' title='bbox 484 847 652 924; x_wconf 82' lang='lat' dir='ltr'>Postquam</span> <span class='ocrx_word' id='word_1_10' title='bbox 664 843 794 923; x_wconf 86' lang='lat' dir='ltr'>pulchra</span> <span class='ocrx_word' id='word_1_11' title='bbox 808 845 860 905; x_wconf 90' lang='lat' dir='ltr'>dei</span> <span class='ocrx_word' id='word_1_12' title='bbox 877 846 1019 908; x_wconf 75' lang='lat' dir='ltr'>Caesaris</span> <span class='ocrx_word' id='word_1_13' title='bbox 1033 867 1088 908; x_wconf 85' lang='lat' dir='ltr'>ora</span> <span class='ocrx_word' id='word_1_14' title='bbox 1106 848 1211 929; x_wconf 72' lang='lat' dir='ltr'>geris,</span> 
     </span>
     <span class='ocr_line' id='line_1_5' title="bbox 445 928 1189 1011; baseline 0 -19"><span class='ocrx_word' id='word_1_15' title='bbox 445 932 479 992; x_wconf 85' lang='lat' dir='ltr'>Si</span> <span class='ocrx_word' id='word_1_16' title='bbox 490 931 546 990; x_wconf 90' lang='lat' dir='ltr'>tibi</span> <span class='ocrx_word' id='word_1_17' title='bbox 562 936 636 989; x_wconf 90' lang='lat' dir='ltr'>tunc</span> <span class='ocrx_word' id='word_1_18' title='bbox 649 930 703 989; x_wconf 89' lang='lat' dir='ltr'>isti</span> <span class='ocrx_word' id='word_1_19' title='bbox 718 928 819 989; x_wconf 78' lang='lat' dir='ltr'>voltus</span> <span class='ocrx_word' id='word_1_20' title='bbox 832 930 1018 1010; x_wconf 87' lang='lat' dir='ltr'>habitusque</span> <span class='ocrx_word' id='word_1_21' title='bbox 1034 932 1189 1011; x_wconf 76' lang='lat' dir='ltr'>fuissent,</span> 
     </span>
     <span class='ocr_line' id='line_1_6' title="bbox 486 1010 1333 1078; baseline 0.002 -3"><span class='ocrx_word' id='word_1_22' title='bbox 486 1015 656 1075; x_wconf 76' lang='lat' dir='ltr'>Cesserunt</span> <span class='ocrx_word' id='word_1_23' title='bbox 670 1013 809 1073; x_wconf 88' lang='lat' dir='ltr'>manibus</span> <span class='ocrx_word' id='word_1_24' title='bbox 824 1033 893 1072; x_wconf 85' lang='lat' dir='ltr'>cunr</span> <span class='ocrx_word' id='word_1_25' title='bbox 906 1013 975 1074; x_wconf 89' lang='lat' dir='ltr'>fera</span> <span class='ocrx_word' id='word_1_26' title='bbox 987 1023 1124 1077; x_wconf 87' lang='lat' dir='ltr'>monstra</span> <span class='ocrx_word' id='word_1_27' title='bbox 1139 1018 1222 1078; x_wconf 75' lang='lat' dir='ltr'>tuis:</span> <span class='ocrx_word' id='word_1_28' title='bbox 1322 1010 1333 1030; x_wconf 77' lang='lat'><strong>⁶</strong></span> 
     </span>
     <span class='ocr_line' id='line_1_7' title="bbox 422 1096 1154 1179; baseline -0.001 -18"><span class='ocrx_word' id='word_1_29' title='bbox 422 1098 591 1177; x_wconf 73' lang='lat' dir='ltr'>uArgclico</span> <span class='ocrx_word' id='word_1_30' title='bbox 606 1096 751 1156; x_wconf 91' lang='lat' dir='ltr'>famulum</span> <span class='ocrx_word' id='word_1_31' title='bbox 765 1116 827 1156; x_wconf 84' lang='lat' dir='ltr'>uun</span> <span class='ocrx_word' id='word_1_32' title='bbox 842 1105 875 1156; x_wconf 90' lang='lat' dir='ltr'>te</span> <span class='ocrx_word' id='word_1_33' title='bbox 890 1099 1008 1158; x_wconf 80' lang='lat' dir='ltr'>servire</span> <span class='ocrx_word' id='word_1_34' title='bbox 1023 1106 1154 1179; x_wconf 84' lang='lat' dir='ltr'>tyranno</span> 
     </span>
     <span class='ocr_line' id='line_1_8' title="bbox 485 1182 1140 1264; baseline 0.002 -20"><span class='ocrx_word' id='word_1_35' title='bbox 485 1182 648 1245; x_wconf 84' lang='lat' dir='ltr'>Vidissent</span> <span class='ocrx_word' id='word_1_36' title='bbox 661 1186 771 1259; x_wconf 79' lang='lat' dir='ltr'>gentes</span> <span class='ocrx_word' id='word_1_37' title='bbox 785 1200 936 1260; x_wconf 83' lang='lat' dir='ltr'>saevaque</span> <span class='ocrx_word' id='word_1_38' title='bbox 950 1201 1047 1262; x_wconf 90' lang='lat' dir='ltr'>regna</span> <span class='ocrx_word' id='word_1_39' title='bbox 1060 1186 1140 1264; x_wconf 76' lang='lat' dir='ltr'>pati,</span> 
     </span>
     <span class='ocr_line' id='line_1_9' title="bbox 446 1265 1181 1344; baseline 0 -16"><span class='ocrx_word' id='word_1_40' title='bbox 446 1265 509 1328; x_wconf 90' lang='lat' dir='ltr'>Sed</span> <span class='ocrx_word' id='word_1_41' title='bbox 524 1272 559 1325; x_wconf 93' lang='lat' dir='ltr'>tu</span> <span class='ocrx_word' id='word_1_42' title='bbox 572 1266 715 1325; x_wconf 82' lang='lat' dir='ltr'>iussisses</span> <span class='ocrx_word' id='word_1_43' title='bbox 728 1265 920 1344; x_wconf 77' lang='lat' dir='ltr'>Eurysthea,</span> <span class='ocrx_word' id='word_1_44' title='bbox 941 1285 1000 1326; x_wconf 87' lang='lat' dir='ltr'>nec</span> <span class='ocrx_word' id='word_1_45' title='bbox 1015 1270 1075 1328; x_wconf 86' lang='lat' dir='ltr'>tibi</span> <span class='ocrx_word' id='word_1_46' title='bbox 1089 1267 1181 1328; x_wconf 86' lang='lat' dir='ltr'>fallax</span> 
     </span>
     <span class='ocr_line' id='line_1_10' title="bbox 486 1347 1115 1428; baseline 0.003 -18"><span class='ocrx_word' id='word_1_47' title='bbox 486 1351 647 1411; x_wconf 70' lang='lat' dir='ltr'>Portasset</span> <span class='ocrx_word' id='word_1_48' title='bbox 660 1350 751 1409; x_wconf 83' lang='lat' dir='ltr'>Nessi</span> <span class='ocrx_word' id='word_1_49' title='bbox 765 1347 886 1428; x_wconf 85' lang='lat' dir='ltr'>perfida</span> <span class='ocrx_word' id='word_1_50' title='bbox 900 1348 980 1410; x_wconf 86' lang='lat' dir='ltr'>duna</span> <span class='ocrx_word' id='word_1_51' title='bbox 993 1351 1115 1414; x_wconf 83' lang='lat' dir='ltr'>Lichas.</span> 
     </span>
     <span class='ocr_line' id='line_1_11' title="bbox 446 1431 1084 1511; baseline -0.003 -14"><span class='ocrx_word' id='word_1_52' title='bbox 446 1435 557 1498; x_wconf 84' lang='lat' dir='ltr'>Oetaei</span> <span class='ocrx_word' id='word_1_53' title='bbox 571 1436 639 1493; x_wconf 86' lang='lat' dir='ltr'>siue</span> <span class='ocrx_word' id='word_1_54' title='bbox 653 1431 725 1511; x_wconf 90' lang='lat' dir='ltr'>lege</span> <span class='ocrx_word' id='word_1_55' title='bbox 741 1434 809 1510; x_wconf 85' lang='lat' dir='ltr'>rugi</span> <span class='ocrx_word' id='word_1_56' title='bbox 824 1451 952 1494; x_wconf 87' lang='lat' dir='ltr'>securus</span> <span class='ocrx_word' id='word_1_57' title='bbox 966 1433 1084 1495; x_wconf 83' lang='lat' dir='ltr'>adisses</span> 
     </span>
     <span class='ocr_line' id='line_1_12' title="bbox 403 1517 1241 1599; baseline 0.002 -21"><span class='ocrx_word' id='word_1_58' title='bbox 403 1532 439 1584; x_wconf 88' lang='lat'>10</span> <span class='ocrx_word' id='word_1_59' title='bbox 486 1521 580 1579; x_wconf 82' lang='lat' dir='ltr'>Astra</span> <span class='ocrx_word' id='word_1_60' title='bbox 592 1519 690 1596; x_wconf 86' lang='lat' dir='ltr'>patris</span> <span class='ocrx_word' id='word_1_61' title='bbox 704 1517 829 1594; x_wconf 86' lang='lat' dir='ltr'>summi,</span> <span class='ocrx_word' id='word_1_62' title='bbox 851 1536 930 1596; x_wconf 91' lang='lat' dir='ltr'>quae</span> <span class='ocrx_word' id='word_1_63' title='bbox 944 1520 1002 1578; x_wconf 93' lang='lat' dir='ltr'>tibi</span> <span class='ocrx_word' id='word_1_64' title='bbox 1015 1538 1116 1599; x_wconf 89' lang='lat' dir='ltr'>poena</span> <span class='ocrx_word' id='word_1_65' title='bbox 1133 1517 1241 1595; x_wconf 78' lang='lat' dir='ltr'>dedit3</span> 
     </span>
     <span class='ocr_line' id='line_1_13' title="bbox 445 1600 1232 1684; baseline 0 -21"><span class='ocrx_word' id='word_1_66' title='bbox 445 1601 543 1682; x_wconf 86' lang='lat' dir='ltr'>Lydia</span> <span class='ocrx_word' id='word_1_67' title='bbox 557 1620 616 1661; x_wconf 86' lang='lat' dir='ltr'>nec</span> <span class='ocrx_word' id='word_1_68' title='bbox 633 1600 774 1660; x_wconf 85' lang='lat' dir='ltr'>dominae</span> <span class='ocrx_word' id='word_1_69' title='bbox 788 1602 936 1662; x_wconf 82' lang='lat' dir='ltr'>traxisses</span> <span class='ocrx_word' id='word_1_70' title='bbox 950 1621 1047 1683; x_wconf 86' lang='lat' dir='ltr'>pensa</span> <span class='ocrx_word' id='word_1_71' title='bbox 1064 1606 1232 1684; x_wconf 81' lang='lat' dir='ltr'>superbae,</span> 
     </span>
     <span class='ocr_line' id='line_1_14' title="bbox 486 1683 1196 1766; baseline -0.003 -19"><span class='ocrx_word' id='word_1_72' title='bbox 486 1687 552 1748; x_wconf 92' lang='lat' dir='ltr'>Nec</span> <span class='ocrx_word' id='word_1_73' title='bbox 568 1686 662 1766; x_wconf 81' lang='lat' dir='ltr'>Styga</span> <span class='ocrx_word' id='word_1_74' title='bbox 674 1683 805 1745; x_wconf 80' lang='lat' dir='ltr'>vidisses</span> <span class='ocrx_word' id='word_1_75' title='bbox 820 1685 1066 1765; x_wconf 84' lang='lat' dir='ltr'>Tartareumque</span> <span class='ocrx_word' id='word_1_76' title='bbox 1081 1706 1196 1747; x_wconf 89' lang='lat' dir='ltr'>canem.</span> 
     </span>
     <span class='ocr_line' id='line_1_15' title="bbox 446 1769 1276 1850; baseline 0 -18"><span class='ocrx_word' id='word_1_77' title='bbox 446 1772 534 1833; x_wconf 91' lang='lat' dir='ltr'>Nuuc</span> <span class='ocrx_word' id='word_1_78' title='bbox 551 1772 609 1831; x_wconf 86' lang='lat' dir='ltr'>tibi</span> <span class='ocrx_word' id='word_1_79' title='bbox 625 1769 813 1846; x_wconf 67' lang='lat' dir='ltr'>lancinet,</span> <span class='ocrx_word' id='word_1_80' title='bbox 830 1790 912 1830; x_wconf 90' lang='lat' dir='ltr'>nuuc</span> <span class='ocrx_word' id='word_1_81' title='bbox 928 1777 960 1830; x_wconf 88' lang='lat' dir='ltr'>te</span> <span class='ocrx_word' id='word_1_82' title='bbox 976 1776 1029 1830; x_wconf 89' lang='lat' dir='ltr'>tua</span> <span class='ocrx_word' id='word_1_83' title='bbox 1046 1770 1148 1850; x_wconf 80' lang='lat' dir='ltr'>diligit</span> <span class='ocrx_word' id='word_1_84' title='bbox 1162 1771 1276 1849; x_wconf 57' lang='lat' dir='ltr'>Hebes</span> 
     </span>
     <span class='ocr_line' id='line_1_16' title="bbox 490 1852 1240 1934; baseline 0 -19"><span class='ocrx_word' id='word_1_85' title='bbox 490 1856 578 1916; x_wconf 88' lang='lat' dir='ltr'>Nunc</span> <span class='ocrx_word' id='word_1_86' title='bbox 590 1863 624 1916; x_wconf 90' lang='lat' dir='ltr'>te</span> <span class='ocrx_word' id='word_1_87' title='bbox 639 1857 665 1915; x_wconf 90' lang='lat' dir='ltr'>si</span> <span class='ocrx_word' id='word_1_88' title='bbox 679 1853 783 1913; x_wconf 78' lang='lat' dir='ltr'>rideat</span> <span class='ocrx_word' id='word_1_89' title='bbox 793 1855 950 1933; x_wconf 85' lang='lat' dir='ltr'>Nympha,</span> <span class='ocrx_word' id='word_1_90' title='bbox 972 1857 1112 1915; x_wconf 87' lang='lat' dir='ltr'>remittet</span> <span class='ocrx_word' id='word_1_91' title='bbox 1126 1852 1240 1934; x_wconf 77' lang='lat' dir='ltr'>Hylan.</span> 
     </span>
    </p>
   </div>
   <div class='ocr_carea' id='block_1_4' title="bbox 834 2019 942 2082">
    <p class='ocr_par' dir='ltr' id='par_1_4' title="bbox 834 2019 942 2082">
     <span class='ocr_line' id='line_1_17' title="bbox 834 2019 942 2082; baseline 0.009 -1"><span class='ocrx_word' id='word_1_92' title='bbox 834 2019 942 2082; x_wconf 86' lang='lat' dir='ltr'><strong>LXVI.</strong></span> 
     </span>
    </p>
   </div>
   <div class='ocr_carea' id='block_1_5' title="bbox 446 2144 1289 2478">
    <p class='ocr_par' dir='ltr' id='par_1_5' title="bbox 446 2144 1289 2478">
     <span class='ocr_line' id='line_1_18' title="bbox 446 2144 1195 2227; baseline -0.003 -19"><span class='ocrx_word' id='word_1_93' title='bbox 446 2148 531 2208; x_wconf 81' lang='lat' dir='ltr'>Uxor</span> <span class='ocrx_word' id='word_1_94' title='bbox 546 2165 615 2206; x_wconf 91' lang='lat' dir='ltr'>cum</span> <span class='ocrx_word' id='word_1_95' title='bbox 627 2145 686 2204; x_wconf 91' lang='lat' dir='ltr'>tibi</span> <span class='ocrx_word' id='word_1_96' title='bbox 700 2144 741 2204; x_wconf 89' lang='lat' dir='ltr'>sit</span> <span class='ocrx_word' id='word_1_97' title='bbox 756 2144 906 2224; x_wconf 84' lang='lat' dir='ltr'>formosa,</span> <span class='ocrx_word' id='word_1_98' title='bbox 926 2145 1056 2226; x_wconf 86' lang='lat' dir='ltr'>pudica,</span> <span class='ocrx_word' id='word_1_99' title='bbox 1077 2145 1195 2227; x_wconf 89' lang='lat' dir='ltr'>puella,</span> 
     </span>
     <span class='ocr_line' id='line_1_19' title="bbox 491 2228 1194 2309; baseline -0.001 -19"><span class='ocrx_word' id='word_1_100' title='bbox 491 2232 558 2307; x_wconf 75' lang='lat' dir='ltr'>Quo</span> <span class='ocrx_word' id='word_1_101' title='bbox 572 2229 631 2290; x_wconf 92' lang='lat' dir='ltr'>tibi</span> <span class='ocrx_word' id='word_1_102' title='bbox 645 2233 786 2287; x_wconf 88' lang='lat' dir='ltr'>natorum</span> <span class='ocrx_word' id='word_1_103' title='bbox 801 2230 886 2307; x_wconf 84' lang='lat' dir='ltr'>iura,</span> <span class='ocrx_word' id='word_1_104' title='bbox 907 2228 1057 2309; x_wconf 83' lang='lat' dir='ltr'>Fabulle,</span> <span class='ocrx_word' id='word_1_105' title='bbox 1077 2229 1194 2290; x_wconf 72' lang='lat' dir='ltr'>trium?</span> 
     </span>
     <span class='ocr_line' id='line_1_20' title="bbox 448 2312 1289 2396; baseline 0.002 -22"><span class='ocrx_word' id='word_1_106' title='bbox 448 2314 536 2392; x_wconf 81' lang='lat' dir='ltr'>Quod</span> <span class='ocrx_word' id='word_1_107' title='bbox 550 2314 632 2393; x_wconf 89' lang='lat' dir='ltr'>petis</span> <span class='ocrx_word' id='word_1_108' title='bbox 646 2317 784 2371; x_wconf 81' lang='lat' dir='ltr'>anostra</span> <span class='ocrx_word' id='word_1_109' title='bbox 799 2312 928 2394; x_wconf 80' lang='lat' dir='ltr'>supplex</span> <span class='ocrx_word' id='word_1_110' title='bbox 943 2313 1128 2394; x_wconf 86' lang='lat' dir='ltr'>domiuuque</span> <span class='ocrx_word' id='word_1_111' title='bbox 1143 2313 1289 2396; x_wconf 85' lang='lat' dir='ltr'>deoque,</span> 
     </span>
     <span class='ocr_line' id='line_1_21' title="bbox 491 2395 1134 2478; baseline 0.003 -21"><span class='ocrx_word' id='word_1_112' title='bbox 491 2399 540 2457; x_wconf 71' lang='lat' dir='ltr'>&#39;I‘u</span> <span class='ocrx_word' id='word_1_113' title='bbox 556 2395 642 2456; x_wconf 84' lang='lat' dir='ltr'>dabis</span> <span class='ocrx_word' id='word_1_114' title='bbox 659 2397 727 2475; x_wconf 88' lang='lat' dir='ltr'>ipse</span> <span class='ocrx_word' id='word_1_115' title='bbox 742 2396 818 2475; x_wconf 89' lang='lat' dir='ltr'>tibi,</span> <span class='ocrx_word' id='word_1_116' title='bbox 839 2398 866 2455; x_wconf 91' lang='lat' dir='ltr'>si</span> <span class='ocrx_word' id='word_1_117' title='bbox 880 2405 972 2477; x_wconf 90' lang='lat' dir='ltr'>potes</span> <span class='ocrx_word' id='word_1_118' title='bbox 986 2400 1134 2478; x_wconf 84' lang='lat' dir='ltr'>arrigere.</span> 
     </span>
    </p>
   </div>
   <div class='ocr_carea' id='block_1_6' title="bbox 824 2561 945 2625">
    <p class='ocr_par' dir='ltr' id='par_1_6' title="bbox 824 2561 945 2625">
     <span class='ocr_line' id='line_1_22' title="bbox 824 2561 945 2625; baseline -0.017 -2"><span class='ocrx_word' id='word_1_119' title='bbox 824 2561 945 2625; x_wconf 87' lang='lat' dir='ltr'><strong>LXVII.</strong></span> 
     </span>
    </p>
   </div>
   <div class='ocr_carea' id='block_1_7' title="bbox 423 2672 1362 3344">
    <p class='ocr_par' dir='ltr' id='par_1_7' title="bbox 423 2672 1362 3344">
     <span class='ocr_line' id='line_1_23' title="bbox 447 2672 1096 2756; baseline 0.002 -24"><span class='ocrx_word' id='word_1_120' title='bbox 447 2672 603 2734; x_wconf 73' lang='lat' dir='ltr'>Lascivam</span> <span class='ocrx_word' id='word_1_121' title='bbox 618 2681 684 2735; x_wconf 89' lang='lat' dir='ltr'>tuta</span> <span class='ocrx_word' id='word_1_122' title='bbox 696 2676 823 2756; x_wconf 87' lang='lat' dir='ltr'>possedi</span> <span class='ocrx_word' id='word_1_123' title='bbox 837 2681 930 2735; x_wconf 89' lang='lat' dir='ltr'>nocte</span> <span class='ocrx_word' id='word_1_124' title='bbox 945 2672 1096 2754; x_wconf 82' lang='lat' dir='ltr'>puellam,</span> 
     </span>
     <span class='ocr_line' id='line_1_24' title="bbox 490 2756 1127 2839; baseline -0.005 -21"><span class='ocrx_word' id='word_1_125' title='bbox 490 2758 585 2819; x_wconf 68' lang='lat' dir='ltr'>(iuius</span> <span class='ocrx_word' id='word_1_126' title='bbox 599 2761 754 2839; x_wconf 85' lang='lat' dir='ltr'>nequitias</span> <span class='ocrx_word' id='word_1_127' title='bbox 771 2762 897 2821; x_wconf 79' lang='lat' dir='ltr'>vincere</span> <span class='ocrx_word' id='word_1_128' title='bbox 911 2756 998 2817; x_wconf 87' lang='lat' dir='ltr'>nulla</span> <span class='ocrx_word' id='word_1_129' title='bbox 1011 2761 1127 2839; x_wconf 88' lang='lat' dir='ltr'>potest.</span> 
     </span>
     <span class='ocr_line' id='line_1_25' title="bbox 446 2840 1167 2923; baseline -0.001 -22"><span class='ocrx_word' id='word_1_130' title='bbox 446 2841 561 2902; x_wconf 84' lang='lat' dir='ltr'>Fessus</span> <span class='ocrx_word' id='word_1_131' title='bbox 574 2841 661 2903; x_wconf 91' lang='lat' dir='ltr'>mille</span> <span class='ocrx_word' id='word_1_132' title='bbox 676 2844 776 2905; x_wconf 88' lang='lat' dir='ltr'>modis</span> <span class='ocrx_word' id='word_1_133' title='bbox 790 2842 870 2904; x_wconf 91' lang='lat' dir='ltr'>illud</span> <span class='ocrx_word' id='word_1_134' title='bbox 884 2840 1008 2922; x_wconf 89' lang='lat' dir='ltr'>puerile</span> <span class='ocrx_word' id='word_1_135' title='bbox 1023 2842 1167 2923; x_wconf 83' lang='lat' dir='ltr'>poposci:</span> 
     </span>
     <span class='ocr_line' id='line_1_26' title="bbox 487 2923 1185 3007; baseline 0.003 -23"><span class='ocrx_word' id='word_1_136' title='bbox 487 2926 570 2985; x_wconf 86' lang='lat' dir='ltr'>Ante</span> <span class='ocrx_word' id='word_1_137' title='bbox 584 2945 696 3006; x_wconf 84' lang='lat' dir='ltr'>preces</span> <span class='ocrx_word' id='word_1_138' title='bbox 709 2933 791 2988; x_wconf 90' lang='lat' dir='ltr'>totas</span> <span class='ocrx_word' id='word_1_139' title='bbox 805 2930 965 3007; x_wconf 88' lang='lat' dir='ltr'>primaque</span> <span class='ocrx_word' id='word_1_140' title='bbox 981 2926 1075 2986; x_wconf 77' lang='lat' dir='ltr'>verba</span> <span class='ocrx_word' id='word_1_141' title='bbox 1090 2923 1185 2986; x_wconf 87' lang='lat' dir='ltr'>dedit.</span> 
     </span>
     <span class='ocr_line' id='line_1_27' title="bbox 423 3008 1295 3089; baseline 0.006 -23"><span class='ocrx_word' id='word_1_142' title='bbox 423 3008 620 3088; x_wconf 75' lang='lat' dir='ltr'>aimprobius</span> <span class='ocrx_word' id='word_1_143' title='bbox 635 3010 779 3089; x_wconf 89' lang='lat' dir='ltr'>quiddam</span> <span class='ocrx_word' id='word_1_144' title='bbox 794 3010 962 3089; x_wconf 83' lang='lat' dir='ltr'>ridensque</span> <span class='ocrx_word' id='word_1_145' title='bbox 977 3012 1154 3089; x_wconf 86' lang='lat' dir='ltr'>rubensque</span> <span class='ocrx_word' id='word_1_146' title='bbox 1169 3011 1295 3089; x_wconf 71' lang='lat' dir='ltr'>rogasit</span> 
     </span>
     <span class='ocr_line' id='line_1_28' title="bbox 488 3091 1074 3155; baseline 0.003 -3"><span class='ocrx_word' id='word_1_147' title='bbox 488 3091 636 3154; x_wconf 81' lang='lat' dir='ltr'>Pollicita</span> <span class='ocrx_word' id='word_1_148' title='bbox 650 3101 699 3154; x_wconf 90' lang='lat' dir='ltr'>est</span> <span class='ocrx_word' id='word_1_149' title='bbox 713 3094 797 3154; x_wconf 77' lang='lat' dir='ltr'>narlla</span> <span class='ocrx_word' id='word_1_150' title='bbox 809 3093 966 3155; x_wconf 81' lang='lat' dir='ltr'>luxuriosa</span> <span class='ocrx_word' id='word_1_151' title='bbox 979 3113 1074 3155; x_wconf 86' lang='lat' dir='ltr'>mora.</span> 
     </span>
     <span class='ocr_line' id='line_1_29' title="bbox 447 3173 1362 3260; baseline 0.004 -24"><span class='ocrx_word' id='word_1_152' title='bbox 447 3175 511 3236; x_wconf 84' lang='lat' dir='ltr'>Sed</span> <span class='ocrx_word' id='word_1_153' title='bbox 525 3179 600 3238; x_wconf 90' lang='lat' dir='ltr'>mihi</span> <span class='ocrx_word' id='word_1_154' title='bbox 613 3198 691 3259; x_wconf 92' lang='lat' dir='ltr'>pura</span> <span class='ocrx_word' id='word_1_155' title='bbox 705 3177 783 3252; x_wconf 85' lang='lat' dir='ltr'>iuit;</span> <span class='ocrx_word' id='word_1_156' title='bbox 804 3180 862 3238; x_wconf 91' lang='lat' dir='ltr'>tibi</span> <span class='ocrx_word' id='word_1_157' title='bbox 876 3197 938 3238; x_wconf 87' lang='lat' dir='ltr'>non</span> <span class='ocrx_word' id='word_1_158' title='bbox 953 3180 1033 3255; x_wconf 84' lang='lat' dir='ltr'>erit,</span> <span class='ocrx_word' id='word_1_159' title='bbox 1053 3173 1228 3256; x_wconf 77' lang='lat' dir='ltr'>Aeschylo:</span> <span class='ocrx_word' id='word_1_160' title='bbox 1250 3180 1279 3241; x_wconf 80' lang='lat' dir='ltr'>si</span> <span class='ocrx_word' id='word_1_161' title='bbox 1293 3180 1362 3260; x_wconf 69' lang='lat' dir='ltr'>ris,</span> 
     </span>
     <span class='ocr_line' id='line_1_30' title="bbox 489 3257 1354 3344; baseline -0.003 -22"><span class='ocrx_word' id='word_1_162' title='bbox 489 3262 605 3344; x_wconf 80' lang='lat' dir='ltr'>Accipe</span> <span class='ocrx_word' id='word_1_163' title='bbox 621 3269 655 3325; x_wconf 87' lang='lat' dir='ltr'>et</span> <span class='ocrx_word' id='word_1_164' title='bbox 668 3264 728 3323; x_wconf 87' lang='lat' dir='ltr'>buc</span> <span class='ocrx_word' id='word_1_165' title='bbox 742 3281 851 3322; x_wconf 89' lang='lat' dir='ltr'>munus</span> <span class='ocrx_word' id='word_1_166' title='bbox 868 3260 1045 3322; x_wconf 84' lang='lat' dir='ltr'>conditione</span> <span class='ocrx_word' id='word_1_167' title='bbox 1061 3257 1149 3323; x_wconf 87' lang='lat' dir='ltr'>mala.</span> <span class='ocrx_word' id='word_1_168' title='bbox 1350 3258 1354 3265; x_wconf 84' lang='grc'><em>“</em></span> 
     </span>
    </p>
   </div>
   <div class='ocr_carea' id='block_1_8' title="bbox 816 3424 949 3486">
    <p class='ocr_par' dir='ltr' id='par_1_8' title="bbox 816 3424 949 3486">
     <span class='ocr_line' id='line_1_31' title="bbox 816 3424 949 3486; baseline 0 -1"><span class='ocrx_word' id='word_1_169' title='bbox 816 3424 949 3486; x_wconf 85' lang='lat' dir='ltr'><strong>LXVIII.</strong></span> 
     </span>
    </p>
   </div>
   <div class='ocr_carea' id='block_1_9' title="bbox 443 3533 1304 3786">
    <p class='ocr_par' dir='ltr' id='par_1_9' title="bbox 443 3533 1304 3786">
     <span class='ocr_line' id='line_1_32' title="bbox 446 3533 1304 3619; baseline 0 -20"><span class='ocrx_word' id='word_1_170' title='bbox 446 3538 529 3616; x_wconf 75' lang='lat' dir='ltr'>Quid</span> <span class='ocrx_word' id='word_1_171' title='bbox 542 3540 601 3599; x_wconf 89' lang='lat' dir='ltr'>tibi</span> <span class='ocrx_word' id='word_1_172' title='bbox 617 3540 777 3599; x_wconf 83' lang='lat' dir='ltr'>nobiscum</span> <span class='ocrx_word' id='word_1_173' title='bbox 792 3544 859 3615; x_wconf 85' lang='lat' dir='ltr'>est,</span> <span class='ocrx_word' id='word_1_174' title='bbox 879 3534 945 3597; x_wconf 87' lang='lat' dir='ltr'>ludi</span> <span class='ocrx_word' id='word_1_175' title='bbox 959 3533 1115 3597; x_wconf 84' lang='lat' dir='ltr'>scelerate</span> <span class='ocrx_word' id='word_1_176' title='bbox 1129 3535 1304 3619; x_wconf 80' lang='lat' dir='ltr'>magister,</span> 
     </span>
     <span class='ocr_line' id='line_1_33' title="bbox 487 3620 1112 3703; baseline -0.006 -20"><span class='ocrx_word' id='word_1_177' title='bbox 487 3623 618 3683; x_wconf 82' lang='lat' dir='ltr'>Invisum</span> <span class='ocrx_word' id='word_1_178' title='bbox 633 3624 740 3703; x_wconf 88' lang='lat' dir='ltr'>pueris</span> <span class='ocrx_word' id='word_1_179' title='bbox 753 3622 984 3699; x_wconf 72' lang='lat' dir='ltr'>virginibusque</span> <span class='ocrx_word' id='word_1_180' title='bbox 999 3620 1112 3701; x_wconf 77' lang='lat' dir='ltr'>caput?</span> 
     </span>
     <span class='ocr_line' id='line_1_34' title="bbox 443 3701 1094 3786; baseline -0.008 -19"><span class='ocrx_word' id='word_1_181' title='bbox 443 3704 587 3767; x_wconf 85' lang='lat' dir='ltr'>Nondum</span> <span class='ocrx_word' id='word_1_182' title='bbox 601 3708 721 3767; x_wconf 82' lang='lat' dir='ltr'>cristati</span> <span class='ocrx_word' id='word_1_183' title='bbox 734 3723 851 3786; x_wconf 88' lang='lat' dir='ltr'>rupere</span> <span class='ocrx_word' id='word_1_184' title='bbox 866 3704 989 3765; x_wconf 87' lang='lat' dir='ltr'>silentia</span> <span class='ocrx_word' id='word_1_185' title='bbox 1004 3701 1094 3783; x_wconf 86' lang='lat' dir='ltr'>gaIII:</span> 
     </span>
    </p>
   </div>
   <div class='ocr_carea' id='block_1_10' title="bbox 0 0 1722 4575">
    <p class='ocr_par' dir='ltr' id='par_1_10' title="bbox 0 0 1722 4575">
     <span class='ocr_line' id='line_1_35' title="bbox 0 0 1722 4575; baseline 0 0"><span class='ocrx_word' id='word_1_186' title='bbox 0 0 1722 4575; x_wconf 95' lang='lat' dir='ltr'> </span> 
     </span>
    </p>
   </div>
  </div>
 </body>
</html>
