3434 4575
588 478 928 542 EPIGRAMMATON
943 479 1017 540 LIB.
1036 479 1085 540 111.
1313 476 1355 541 61

812 681 860 742 111.

386 798 577 876 [Formosam
591 796 703 856 faciem
717 796 806 874 nigro
821 793 1024 856 medicamine
1040 793 1138 873 celas,

440 880 503 942 Sed
517 901 579 941 non
590 880 727 940 formoso
744 898 876 959 corpore
891 879 989 941 laedis
1006 897 1106 955 aquas.

397 967 497 1047 Ipsam
512 964 607 1027 erede
623 962 712 1022 deam
724 964 828 1022 verbis
843 964 902 1023 tibi
917 963 1023 1023 dicere
1037 964 1170 1022 nostris:

439 1050 523 1128 „Am
540 1049 627 1131 aperi
641 1047 769 1125 faciem,
792 1053 844 1106 ant
856 1049 993 1109 tunicata
1006 1044 1117 1125 lara.“]

809 1198 862 1260 [V.

399 1316 526 1376 Romam
540 1314 635 1393 vade,
654 1313 757 1376 liber:
779 1317 822 1393 si,
844 1314 968 1375 veneris
983 1311 1082 1392 unde,
1103 1312 1262 1391 requiret,

440 1397 593 1459 Aemiliae
609 1399 694 1460 dices
710 1398 749 1460 de
763 1401 893 1479 regione
908 1399 985 1459 viae.

398 1483 449 1561 Si,
472 1484 582 1562 quibus
597 1485 630 1543 in
647 1486 758 1562 terris,
781 1504 840 1562 qna
854 1484 947 1543 simus
962 1484 995 1541 in
1009 1482 1087 1540 urbe
1106 1481 1244 1560 rogabit,

441 1565 570 1628 Corneli
583 1569 703 1628 referas
717 1586 767 1628 me
782 1566 860 1628 lieet
874 1586 943 1628 esse
956 1567 1050 1639 Foro.

376 1653 466 1714 50ur
480 1652 577 1711 absim
583 1669 604 1730 ,⁸
616 1659 762 1731 quaeret:
781 1653 921 1713 breuiter
935 1658 970 1710 tu
983 1649 1079 1710 multa
1093 1650 1210 1710 fatere:

441 1733 532 1813 „Non
546 1742 670 1815 poterat
683 1755 778 1796 vanae
793 1734 897 1796 taedia
910 1736 999 1810 ferre
1015 1734 1138 1812 togae.“

399 1817 550 1898 „Quando
568 1820 698 1879 ιιιιιίιὶιιι
713 1819 815 1880 dicet:
833 1826 869 1880 tn
883 1816 1090 1898 respondeto:
1112 1818 1231 1895 „Poeta

441 1904 585 1963 Exierat:
606 1905 728 1982 veniet,
751 1923 819 1962 enm
834 1900 1032 1963 citharoedus
1049 1902 1143 1963 erit.“

818 2038 857 2100 V.

399 2151 456 2215 Vis
473 2149 680 2212 commendari
695 2155 763 2213 sine
777 2171 827 2213 me
842 2173 986 2213 cursurus
1001 2154 1034 2213 in
1048 2154 1175 2230 urbem,

440 2235 540 2298 Parve
553 2235 652 2315 liber,
673 2236 795 2317 multis,
817 2258 856 2298 an
870 2238 944 2299 sutis
958 2256 1036 2298 unus
1051 2237 1134 2299 erit?

399 2321 486 2381 Unus
504 2321 581 2397 erit,
603 2322 678 2381 mihi
693 2322 806 2401 erede,
829 2325 921 2402 satis,
944 2325 994 2383 eui
1006 2342 1069 2383 non
1083 2323 1146 2382 eris
1160 2322 1291 2401 hospes,

442 2400 561 2483 lulius,'
577 2405 731 2465 assiduum
746 2426 859 2467 nomen
874 2409 906 2467 in
921 2426 977 2467 ore
994 2425 1073 2467 meo.

379 2488 548 2550 5Protinus
559 2490 641 2549 hune
654 2492 773 2569 primae
789 2509 921 2570 quaeres
937 2492 970 2551 in
983 2490 1090 2551 limine
1106 2490 1240 2550 Tectae:

443 2574 527 2649 Quos
541 2574 644 2632 tenuit
657 2573 810 2655 Daphnis,
832 2595 914 2636 nune
927 2581 1016 2635 tenet
1030 2573 1104 2653 ille,
1122 2573 1214 2636 lares.
1228 2591 1232 2598 ’

399 2656 458 2717 Est
471 2655 520 2719 illi
535 2658 682 2735 coniunx,
705 2677 783 2736 quae
796 2665 830 2718 te
845 2660 1046 2737 manibusque
1062 2660 1192 2738 sinuque

441 2742 601 2821 Excipiet,
624 2749 657 2801 tu
670 2742 720 2802 vel
734 2740 969 2822 pulverulentus
985 2761 1046 2804 eas.

400 2825 467 2884 Hos
482 2832 516 2884 tu
537 2845 592 2885 seu
605 2827 725 2905 pariter
740 2828 804 2886 sive
821 2828 901 2886 hane
915 2825 1040 2887 illumve
1054 2826 1192 2907 priorem

360 2919 395 2971 10
441 2909 585 2986 Videris,
607 2909 667 2969 hoc
683 2909 768 2971 diees
784 2911 931 2989 „Marcus
948 2929 1040 2971 avere
1053 2909 1174 2989 iubet‚“

324 3046 352 3071 „
400 2993 443 3053 Et
456 2995 530 3053 ratis
548 2999 612 3053 est:
635 2992 711 3055 alios
728 2989 924 3056 commendet
939 2987 1087 3076 epistola:
1105 2998 1216 3076 peceat

442 3076 503 3153 Qui
519 3076 793 3139 commendandum
809 3098 844 3139 se
858 3084 947 3159 putat
966 3098 1036 3140 ease
1051 3080 1122 3140 suia.

401 3323 468 3384 Lux
480 3326 540 3385 tibi
553 3332 625 3404 post
637 3325 708 3386 Idus
723 3332 904 3387 numeratur
917 3327 1011 3386 tertia
1025 3326 1140 3403 Maias,

443 3407 649 3488 Mareeldine,
670 3411 732 3470 tuis
747 3412 795 3471 bis
811 3408 998 3471 celebranda
1013 3411 1117 3469 saeris.

401 3491 535 3571 Imputat
549 3495 705 3553 aetherios
721 3500 807 3554 ortus
822 3496 900 3555 haee
915 3495 1014 3574 prima
1027 3493 1167 3573 parenti,

444 3575 536 3636 Libat
549 3573 699 3637 florentes
711 3579 789 3638 haee
802 3579 862 3638 tibi
878 3580 977 3658 prima
991 3596 1095 3656 genas.

379 3658 517 3738 5Magna
531 3657 608 3721 lieet
621 3659 745 3721 dederit
758 3661 911 3722 iucundae
926 3680 1053 3722 munera
1066 3661 1162 3738 vitae,

444 3741 521 3803 Plus
537 3764 691 3824 nunquam
707 3746 790 3825 patri
803 3747 962 3825 praestitit
975 3744 1030 3805 ille
1046 3743 1122 3805 dies.
