3434 4575
714 574 841 622 SA'HRA
862 575 934 623 nv.

329 713 512 791 Flagrantem
535 713 594 773 late
616 722 646 773 et
669 715 830 792 rapientem
854 723 957 774 cuncta
978 714 1104 788 videbis,

328 798 391 859 Nee
412 796 464 856 tibi
487 807 624 876 parcetur
647 800 772 872 misero,
799 797 1002 875 trepidumque
1024 798 1201 875 magistmm'

327 883 359 943 ln
381 899 472 942 cavea
495 898 599 958 magno
624 882 737 941 fremitu
764 881 811 941 ico
835 880 920 940 tollet
944 881 1084 941 alumnus.

327 965 404 1027 Nota
425 965 636 1025 mathematicis
659 966 779 1042 genesis
800 975 864 1031 tua;
888 964 942 1025 scd
964 983 1055 1043 grave
1078 966 1174 1028 tardas

327 1050 511 1128 Exspectare
537 1048 635 1108 colus:
659 1050 792 1109 morieris
815 1049 937 1107 stamine
960 1048 1084 1109 noudum

327 1134 472 1211 Abrupta.
507 1132 565 1192 lam
592 1150 666 1192 nunc
691 1132 791 1192 obstas
821 1141 850 1191 et
876 1134 1100 1206 rotomorum,
1266 1147 1319 1220 25⁰

327 1219 387 1279 lam
414 1226 532 1295 torquet
554 1217 687 1276 iuvenem
712 1217 799 1294 ionga
822 1225 851 1275 et
875 1218 992 1278 cervina
1016 1225 1163 1276 senectus.

329 1300 417 1362 Ocius
441 1300 629 1376 Archigenen
652 1319 761 1378 quaere
784 1310 872 1379 atque
897 1319 961 1360 eme
983 1300 1061 1379 quod
1084 1298 1263 1363 Mithridates

329 1384 516 1463 Composuit,
541 1386 566 1444 si
588 1387 633 1444 vis
655 1385 739 1444 aliam
762 1383 926 1461 decerpere
949 1385 1033 1445 iicum

329 1472 427 1549 Atque
450 1468 521 1528 aiias
544 1478 671 1528 tractare
695 1487 788 1527 rosas.
822 1466 1002 1529 diedicamen
1025 1467 1186 1529 habendum
1209 1479 1264 1545 est,
1373 1527 1375 1531 ,

328 1553 459 1615 Sorbere
480 1561 545 1611 aute
571 1553 664 1611 cibum
688 1553 765 1632 quod
789 1552 896 1612 debeat
917 1562 947 1613 et
969 1562 1053 1631 pater
1075 1561 1106 1613 et
1126 1570 1189 1613 rex.
1266 1565 1320 1618 tob

371 1636 503 1696 Monstro
526 1635 706 1714 voluptatem
730 1637 896 1714 egregiam,
920 1639 967 1697 cui
990 1636 1068 1697 uuila
1096 1635 1218 1713 theatra,
1326 1651 1329 1656 “

328 1720 415 1781 Nulla
439 1738 567 1798 aequare
592 1739 682 1798 queas
705 1722 850 1798 praetoris
873 1720 985 1798 puipita
1008 1720 1087 1795 lauti,

328 1806 361 1866 Si
385 1814 522 1884 spectes,
550 1814 657 1882 quanto
681 1806 784 1881 capitis
807 1804 973 1864 discrimine
998 1812 1132 1864 constent

328 1890 509 1949 incrementa
538 1888 656 1961 domus,
681 1898 779 1947 aerata
801 1887 907 1947 mnitus
930 1890 958 1946 iu
982 1905 1051 1946 arca

328 1973 432 2034 Fiscus
455 1981 484 2032 et
507 1971 543 2031 ad
565 1972 682 2048 vigilem
707 1971 832 2050 ponendi
855 1968 978 2030 Castora
1001 1972 1116 2046 nummi,
1266 1982 1318 2037 260

329 2058 375 2118 Ex
397 2074 455 2136 quo
480 2055 557 2116 biars
579 2057 657 2115 nitor
679 2055 793 2132 galeam
817 2072 935 2134 quoque
960 2054 1085 2132 perdidit
1105 2063 1135 2114 et
1156 2072 1204 2115 res

331 2141 395 2202 Nou
418 2142 511 2219 potuit
534 2158 655 2199 servare
675 2158 752 2198 snas.
786 2138 866 2216 Ergo
890 2140 984 2198 omnia
1006 2137 1114 2198 Florae

329 2225 366 2284 Et
390 2222 507 2284 Cereris
532 2225 602 2283 iicet
623 2232 652 2283 et
674 2222 803 2299 Cybeles
826 2225 928 2284 auiaea
951 2221 1116 2302 relinquas:

330 2310 423 2369 Tanto
444 2310 570 2368 maiores
593 2309 713 2368 humana
737 2310 855 2387 negotia
878 2308 946 2369 iudi.

329 2396 374 2453 An
398 2395 489 2471 magis
514 2393 663 2452 obiectant
684 2396 805 2453 animum
828 2394 933 2453 iactata
957 2403 1079 2471 petauro
1257 2402 1318 2455 *noe

330 2477 463 2555 Corpora
486 2478 593 2556 quique
616 2476 694 2536 sciet
717 2487 827 2537 rectum
850 2477 1034 2538 descendere
1055 2476 1163 2553 funem,

329 2561 421 2635 Quam
447 2570 494 2633 tu,
518 2558 642 2635 Corycia
670 2580 787 2640 semper
808 2564 857 2641 qui
881 2580 980 2639 puppe
1005 2562 1128 2621 moraris

328 2646 427 2724 Atque
451 2643 578 2717 habitas,
603 2661 673 2704 coro
698 2664 814 2723 semper
837 2644 984 2705 tollendus
1008 2654 1038 2705 et
1059 2654 1167 2721 austro,

302 2780 305 2785 .
330 2729 477 2809 [Perditus
500 2747 535 2789 ac
556 2728 622 2786 vilis
646 2732 725 2789 sacci
749 2739 896 2789 mercator
917 2728 1048 2807 olentis,l

330 2812 387 2885 Qui
410 2811 520 2890 gaudes
545 2814 652 2890 pingue
675 2815 809 2891 antiquae
836 2813 873 2873 de
897 2813 984 2874 litore
1008 2810 1114 2872 Cretae
1267 2822 1319 2877 tio

329 2897 448 2957 Passum
472 2907 501 2955 et
523 2897 683 2973 municipes
705 2896 783 2956 lovis
806 2897 963 2957 advexisse
986 2895 1129 2975 lagonas?

329 2980 384 3040 Hic
408 2990 502 3040 tamen
525 2981 643 3058 ancipiti
670 2981 762 3057 iigens
786 2983 911 3061 vestigia
934 2980 1031 3060 planta

329 3065 444 3123 Victum
462 3065 511 3124 iila
533 3065 670 3124 mercede
692 3074 776 3142 parat
796 3064 982 3145 brumamque
1003 3065 1167 3143 famemque

329 3148 384 3208 iiia
407 3158 486 3207 reste
510 3157 608 3208 cavet:
632 3157 661 3208 tu
685 3159 807 3227 propter
828 3149 908 3210 mille
928 3150 1035 3210 talenta

329 3230 368 3292 Et
390 3242 503 3292 centum
525 3231 611 3292 villas
635 3235 816 3293 temerarius.
851 3233 961 3312 Aspice
985 3244 1086 3313 portus
1267 3241 1319 3295 275

330 3314 368 3375 Et
392 3317 507 3394 plenum
531 3320 641 3394 magnis
666 3317 795 3377 trabibus
818 3336 914 3378 mare:
942 3316 1007 3396 plus
1030 3318 1242 3378 hominum'est
1265 3319 1320 3376 iam

329 3400 362 3460 ln
384 3401 508 3478 pelago:
531 3403 630 3460 veniet
652 3401 772 3474 classis,
797 3419 982 3481 quocumque
1003 3403 1117 3461 vocarit

332 3486 408 3562 Spes
435 3484 525 3559 lucri,
550 3502 606 3543 uec
629 3482 814 3562 Carpathium
837 3484 1019 3562 Gaetulaque
1041 3495 1148 3544 tantum

332 3567 472 3645 Aequora
495 3568 655 3644 transiliet,
680 3568 732 3627 sed
757 3568 845 3647 louge
873 3568 965 3646 Calpe
988 3568 1091 3627 relicta

334 3650 439 3710 Audiet
460 3650 608 3712 Herculeo
635 3653 805 3713 stridentem
826 3655 943 3731 gurgite
967 3651 1071 3711 solem.
1268 3663 1320 3717 280

331 3733 447 3796 Grande
470 3753 581 3814 operae
607 3737 730 3814 pretium
753 3746 817 3812 est,
840 3746 871 3796 nt
895 3745 980 3796 tenso
1003 3733 1076 3795 ioiie
1099 3736 1208 3795 reverti

331 3817 402 3879 lude
424 3819 538 3879 domum
560 3821 659 3898 possis
683 3820 848 3899 tumidaque
872 3818 1016 3896 superbus
1038 3818 1117 3879 aluta

372 3923 428 3962 ruv-
444 3925 503 3962 sur.
1130 3905 1147 3958 i
