3434 4575
365 463 404 523 to
704 475 740 521 u.
761 475 832 522 run.
857 475 1043 522 ruvunnurs

364 617 501 692 coneris,
525 619 602 677 iacet
624 617 748 694 exiguus
771 635 834 676 cum
855 616 963 676 ramice
985 634 1091 675 nervus
1297 620 1350 680 205

363 703 414 778 Et,
444 703 574 781 quamvis
598 710 657 762 tota
681 701 816 780 palpetur
839 711 942 777 nocte,
969 700 1086 760 iacebit.

364 788 446 848 hune
469 786 576 866 aliquid
596 804 719 865 sperare
743 795 841 865 potest
863 786 938 846 haec
959 786 1082 863 inguinis
1104 787 1185 862 aegri

364 869 510 934 Canities?
539 871 605 951 quid
632 870 709 950 quod
733 871 835 930 merito
859 880 996 950 suspecta
1018 869 1107 930 libido
1131 878 1187 944 est,

363 957 444 1031 Quae
467 955 613 1016 Venerem
638 956 756 1015 allectat
778 957 840 1015 sine
864 952 995 1014 viribus?
1013 953 1120 1033 Aspice
1144 955 1234 1032 partis

363 1040 444 1101 Nunc
468 1041 598 1101 damnum
622 1039 758 1108 alterius;
782 1058 845 1099 nam
870 1059 944 1119 quae
967 1048 1099 1100 cantante
1125 1038 1271 1117 voluptas,
1299 1050 1351 1101 210

362 1129 407 1187 sit
430 1126 500 1186 licet
521 1126 660 1200 eximius,
679 1124 870 1200 citharoedo,
894 1127 968 1184 sitve
990 1124 1145 1200 Seleucus,

363 1211 399 1271 Et
422 1209 526 1289 quibus
547 1218 646 1270 aurata
666 1226 729 1267 mos
752 1218 798 1268 est
821 1208 937 1286 fulgere
961 1207 1098 1267 lacerna?

363 1295 436 1369 Quid
460 1295 566 1368 relert,
590 1293 686 1369 magni
709 1292 811 1353 sedeat
832 1311 889 1372 qua
914 1302 995 1372 parte
1022 1293 1137 1367 theatri,

363 1379 418 1453 Qui
441 1379 490 1437 vix
515 1379 680 1439 cornicines
702 1376 839 1437 exaudiet
863 1387 950 1458 atque
977 1377 1107 1436 tubarum

363 1460 551 1523 concentus?
576 1462 705 1521 clamore
730 1479 805 1540 opus
828 1472 891 1538 est,
909 1471 945 1521 -ut
968 1463 1071 1521 sentiat
1093 1464 1181 1539 auris,
1301 1473 1351 1525 215

362 1547 455 1621 Quem
483 1547 559 1607 dicat
581 1546 699 1606 venisse
724 1563 812 1624 puer,
837 1556 908 1625 quot
930 1547 1040 1605 nuntiet
1063 1546 1160 1606 horas.

362 1632 518 1692 Praeterea
542 1631 671 1691 minimus
694 1630 792 1708 gelido
818 1632 872 1690 iam
896 1648 1022 1709 corpore
1046 1632 1162 1708 sanguis

362 1714 458 1776 Febre
483 1715 560 1775 calet
585 1715 663 1776 sola:
688 1715 856 1775 circumsilit
882 1716 995 1793 agmine
1019 1714 1096 1774 iacto

362 1800 528 1861 Morborum
554 1818 638 1860 omne
659 1818 768 1877 genus:
799 1818 920 1878 quorum
946 1803 969 1859 si
995 1801 1107 1858 nomina
1130 1818 1266 1877 quaeras,

363 1886 524 1964 Promptius
550 1883 720 1964 expediam,
745 1895 816 1964 quot
838 1887 976 1945 amaverit
998 1883 1090 1963 Oppia
1115 1885 1266 1960 moechos,
1301 1896 1353 1948 220

363 1970 441 2044 Quot
463 1969 620 2030 Themison
645 1987 754 2047 aegros
775 1979 908 2029 autumno
932 1964 1074 2029 occiderit
1101 1985 1167 2044 uno,

362 2056 440 2130 Quot
463 2054 576 2115 Basilus
599 2056 714 2127 socios,
739 2063 809 2133 quot
834 2054 1096 2132 circumscripserit
1118 2053 1217 2111 llirrus

362 2138 507 2218 Pupillos,
532 2148 602 2218 quot
629 2138 716 2215 longa
742 2139 821 2196 viros
845 2138 1003 2197 exsorbeat
1031 2154 1085 2196 uno

361 2223 460 2284 llaura
485 2224 548 2299 die,
572 2232 642 2303 quot
666 2222 825 2301 discipulos
849 2223 967 2282 inclinet
993 2221 1146 2287 Hamillus:

362 2309 531 2370 Percurram
556 2310 657 2382 citius,
685 2316 755 2385 quot
777 2307 861 2366 uillas
888 2307 1038 2385 possideat
1059 2325 1145 2382 nunc,
1300 2317 1350 2369 225

363 2393 427 2467 Quo
453 2393 591 2452 tondente
614 2392 712 2469 gravis
735 2392 830 2451 inveni
855 2392 922 2452 mihi
946 2391 1036 2451 barba
1064 2391 1193 2451 sonabat.

363 2478 415 2537 lile
441 2477 578 2551 humero,
604 2476 650 2535 hic
673 2475 791 2552 lumbis,
821 2476 869 2537 hic
891 2493 965 2537 coxa
989 2475 1109 2542 debilis:
1136 2475 1236 2534 ambos

362 2561 489 2621 Perdidit
514 2560 564 2621 ille
587 2560 691 2621 oculos
715 2570 743 2620 et
765 2558 854 2621 luscis
878 2561 1002 2627 invidet:
1030 2560 1113 2620 huius

363 2645 471 2706 Pallida
496 2644 578 2705 labra
600 2645 693 2705 cibum
717 2645 862 2724 accipiunt
883 2646 980 2723 digitis
1005 2645 1118 2720 alienis,

361 2730 429 2808 lpse
452 2729 487 2790 ad
514 2739 702 2809 conspectum
727 2746 838 2791 coenae
863 2731 1001 2790 diducere
1024 2732 1124 2789 rictum
1300 2740 1352 2792 230

362 2817 468 2874 Suetus
492 2814 551 2875 hiat
577 2824 701 2889 tautum,
726 2832 779 2874 ceu
803 2816 904 2893 pullus¹
924 2814 1098 2890 hirundinis,
1122 2812 1156 2872 ad
1182 2831 1266 2891 quern

363 2897 421 2958 Ore
441 2897 521 2959 volat
547 2898 635 2976 pleno
658 2908 750 2958 mater
776 2900 879 2960 ieiuna.
918 2899 976 2958 Sed
1000 2900 1075 2957 omni

361 2982 556 3043 hlenrbrorum
578 2983 680 3044 damno
704 2983 795 3042 maior
820 2985 980 3057 dementia,
1007 3001 1082 3061 quae
1102 3000 1157 3041 nec

362 3066 485 3129 Nomina
510 3085 660 3128 servornm
683 3084 739 3127 neo
761 3068 868 3127 vultum
893 3070 1025 3146 agnoscit
1043 3068 1138 3141 amici,

363 3150 433 3213 Cum
456 3170 513 3234 quo
537 3152 693 3231 praeterita
718 3154 853 3212 coenavit
876 3161 980 3228 noete,
1005 3170 1061 3211 neo
1082 3150 1161 3225 illos,
1300 3154 1352 3215 235

363 3237 444 3311 Quos
466 3238 582 3316 genuit,
606 3252 681 3316 quos
704 3236 812 3295 eduxit.
847 3234 918 3296 Nam
942 3236 1045 3296 codice
1069 3252 1159 3295 saevo

361 3321 493 3383 Heredes
514 3330 593 3381 vetat
616 3338 683 3380 esse
708 3337 794 3396 suos,
817 3320 894 3380 hona
917 3330 976 3381 tota
1000 3321 1130 3380 ieruntur

363 3406 408 3467 hd
434 3406 567 3472 Phialen:
594 3414 699 3465 tantum
723 3405 841 3464 artilicis
863 3404 942 3465 valet
964 3405 1068 3465 halitus
1090 3405 1161 3480 oris,

363 3490 447 3564 Quod
474 3498 594 3551 steterat
613 3488 708 3550 multis
732 3489 760 3548 in
784 3507 905 3549 carcero
928 3490 1048 3549 fornicis
1071 3489 1160 3549 annis.

363 3574 400 3634 Ut
421 3577 539 3652 vigeant
564 3592 670 3634 sensus
695 3575 797 3649 animi,
826 3573 959 3635 ducenda
983 3583 1077 3633 tamen
1100 3574 1157 3632 siut

362 3656 476 3717 liunera
498 3668 647 3735 natorum,
672 3676 761 3737 rogus
783 3658 968 3738 aspiciendus
995 3668 1106 3718 amatae

363 3738 503 3821 Coniugis
525 3752 555 3805 et
577 3742 675 3805 fratris
702 3743 867 3826 plenaeque
891 3741 1043 3804 sororibus
1069 3730 1167 3805 umhe.
