3434 4575
360 468 413 515 ΧΠ
768 465 976 513 PRAEFATIO.

362 622 487 682 Cornuti
499 641 610 681 nomen
626 622 772 681 immerito
787 641 862 701 prae
877 641 910 682 se
919 622 1028 695 ferunt,
1039 629 1142 680 tamen
1154 620 1194 680 ad
1209 641 1277 680 eam
1291 641 1342 682 ae·

360 715 454 767 tatem
468 705 644 779 ascendunt,
662 724 741 786 qnae
755 725 816 765 non
830 704 919 765 modo
941 726 1043 765 omnes
1060 714 1206 786 quotquot
1222 713 1344 765 exstant

363 789 482 850 codices
499 790 591 868 longe
606 799 745 869 superet,
762 788 818 849 sed
835 790 928 849 etiam
941 790 1078 868 puriores
1094 789 1245 867 genuinae
1266 789 1342 848 anti·

362 874 486 955 quitatis
506 873 606 933 fontes
621 894 712 954 quam
728 873 761 931 hi
774 874 834 951 ipsi
849 873 934 933 adire
946 874 1082 952 potuisse
1097 872 1246 933 videatur.
1263 872 1344 932 Nam

362 958 443 1039 quod
458 958 530 1020 Otto
548 957 680 1018 Jahnius
702 958 734 1016 in
751 956 885 1016 editione
907 959 1022 1035 majore
1039 958 1138 1036 ipsam
1153 955 1343 1016 Scholiorum

363 1042 572 1101 auctoritatem
588 1041 664 1101 adeo
680 1042 803 1101 elevare
819 1050 943 1100 conatus
960 1049 1020 1114 est,
1036 1049 1070 1100 ut
1085 1060 1123 1100 ea
1138 1040 1179 1099 ad
1191 1039 1344 1101 undecimi

361 1145 459 1206 usque
474 1126 589 1185 saeculi
603 1127 733 1205 ineptias
748 1124 938 1203 deprimeret,
954 1126 1051 1185 virum
1065 1125 1291 1203 integerrimum
1303 1125 1343 1183 si-

362 1210 424 1268 mul
438 1218 469 1269 et
487 1209 732 1281 eruditissimum,
750 1209 798 1267 cui
812 1207 936 1268 Persius
957 1210 1011 1267 uni
1026 1209 1095 1288 plus
1115 1228 1206 1290 quam
1227 1208 1342 1287 superi·

362 1294 464 1353 oribus
481 1294 616 1353 omnibus
637 1294 669 1352 in
686 1313 778 1352 unum
794 1291 929 1352 collectis
947 1292 1054 1366 debet,
1071 1293 1153 1352 illius
1171 1291 1282 1370 judicii
1297 1313 1341 1351 er·

361 1397 460 1437 rorem
478 1377 589 1436 dudum
613 1377 762 1453 abjecisse
783 1375 917 1449 confido,
937 1384 1099 1457 postquam
1118 1385 1149 1437 et
1164 1374 1304 1437 Osannus
1320 1375 1342 1434 l.

267 1491 269 1496 v
363 1482 389 1521 c.
407 1482 437 1540 p.
454 1461 547 1520 LXII
566 1481 633 1542 sqq.
660 1461 813 1540 complura
833 1459 924 1519 docte
947 1468 1052 1520 contra
1073 1461 1158 1520 illum
1177 1461 1292 1519 monuit
1313 1468 1343 1517 et

361 1564 417 1604 nos
438 1552 501 1603 tum
517 1546 550 1604 in
563 1545 702 1604 Prooem.
722 1546 793 1605 lect.
810 1542 893 1603 Gott.
913 1541 993 1605 1846
1014 1545 1066 1604 vel
1086 1544 1195 1603 Isidori
1212 1550 1343 1618 aetatem

363 1627 487 1687 Scholia
507 1637 611 1688 nostra
627 1627 792 1701 excedere,
818 1637 881 1687 tum
898 1629 930 1687 in
944 1628 1020 1708 disp.
1042 1628 1080 1687 de
1092 1627 1281 1688 Scholiorum
1303 1625 1343 1685 ad

362 1712 547 1772 Juvenalem
568 1732 681 1791 genere
703 1712 853 1773 deteriore
873 1712 1054 1772 lectionibus
1076 1712 1200 1772 aestivis
1216 1731 1244 1770 a.
1262 1708 1342 1770 1849

363 1797 529 1877 praemissa
549 1804 666 1857 tantum
685 1797 764 1856 inter
785 1797 863 1856 haec
890 1804 921 1855 et
940 1796 1081 1856 Pseudo·
1093 1795 1280 1856 Cornutiana
1303 1791 1344 1853 ad

363 1879 548 1941 Juvenalem
561 1882 709 1941 interesse
728 1880 1012 1954 demonstravimus,
1034 1888 1068 1939 ut
1089 1900 1177 1940 omne
1194 1880 1275 1939 illius
1292 1898 1342 1938 co·

363 1965 490 2025 naminis
506 1964 735 2024 fundamentum
748 1962 966 2023 labefactatum
988 1966 1035 2023 sit.
1080 1964 1129 2023 Ne
1151 1964 1218 2044 quis
1243 1972 1344 2023 autem

362 2050 421 2128 ipsi
436 2068 527 2128 quam
540 2068 596 2107 nos
617 2058 735 2109 tuemur
759 2047 949 2108 Scholiorum
971 2048 1065 2109 aetati
1086 2048 1344 2107 Barcinonensem

361 2133 521 2192 satirarum
533 2134 741 2192 recensionem
756 2133 948 2211 aequiparet,
962 2152 1052 2213 qnam
1066 2151 1085 2190 a
1099 2132 1202 2191 nescio
1218 2151 1277 2211 quo
1294 2130 1343 2189 Pl.

362 2215 386 2275 J
385 2216 440 2275 ulii
454 2216 604 2275 Herennii
615 2214 722 2275 Sabini
731 2216 770 2275 V.
779 2213 813 2274 Ο.
829 2223 1001 2296 protectore
1013 2216 1177 2276 domestico
1191 2235 1218 2274 a.
1230 2236 1260 2295 p.
1272 2214 1342 2274 Chr.

362 2297 425 2360 402
445 2300 612 2359 institutam
631 2301 831 2380 antiquissimi
853 2301 974 2360 codices
995 2300 1289 2379 Montispessulanus
1314 2307 1344 2358 et

361 2384 515 2443 Romanus
541 2385 760 2464 subscriptione
783 2405 838 2443 sua
857 2393 1020 2458 testantur,
1040 2385 1131 2463 hujus
1146 2384 1342 2456 recensionis,

363 2467 454 2528 etiam
476 2468 502 2527 si
524 2469 654 2528 maxime
676 2467 866 2528 Scholiorum
886 2477 1017 2529 aetatem
1036 2476 1168 2549 superet,
1191 2469 1257 2547 ipse
1273 2467 1343 2527 sub·

363 2552 490 2630 scriptor
504 2551 595 2611 fidem
613 2552 771 2630 insigniter
784 2554 892 2612 minuit
909 2552 1033 2613 fatendo
1051 2573 1084 2613 se
1101 2553 1162 2620 sine
1176 2555 1343 2627 catapraplto

362 2639 508 2694 emendare
522 2645 665 2710 temptasse
670 2662 680 2701 ,·
693 2636 752 2716 ipsi
767 2637 899 2719 denique
911 2646 1059 2717 quotquot
1074 2644 1196 2697 exstant
1212 2635 1343 2709 codices,

362 2720 389 2778 si
407 2718 445 2777 ab
467 2719 577 2797 exiguo
591 2720 782 2800 palimpsesti
801 2721 972 2799 fragmento
988 2722 1139 2781 Vaticano
1155 2719 1342 2792 discesseris,

362 2803 440 2861 intra
460 2823 573 2863 nonum
592 2804 644 2862 vel
671 2803 819 2864 decimum
840 2807 996 2865 saeculum
1021 2805 1125 2884 scripti
1150 2812 1235 2878 sunt3
1263 2822 1343 2882 quae

364 2906 454 2966 quum
467 2887 510 2946 ita
528 2888 596 2960 sint,
613 2888 703 2947 etiam
713 2908 793 2947 nunc
808 2889 885 2948 sslud
899 2897 998 2963 teneo,
1012 2889 1093 2970 quod
1108 2886 1343 2947 inLectionibus

361 2970 515 3031 Persianis
537 2971 635 3030 Marb.
660 2969 740 3031 1842
760 2971 848 3032 editis
870 2973 1025 3052 professus
1043 2972 1095 3030 vel
1117 2970 1249 3030 inventis
1267 2971 1342 3029 anti-

364 3055 513 3135 quissimis
528 3054 588 3114 illis
604 3055 690 3115 libris
705 3056 738 3114 in
750 3056 909 3116 Analectis
925 3056 963 3116 de
979 3064 1080 3115 aetate
1096 3063 1126 3114 et
1139 3053 1342 3114 usuScholio·

361 3160 428 3198 rum
443 3138 658 3198 Persianorum
676 3138 775 3199 denuo
799 3139 936 3213 defendi,
959 3141 991 3199 in
1015 3136 1225 3199 constituenda
1243 3138 1344 3198 Persii

361 3223 493 3282 lectione
515 3223 653 3302 principe
675 3224 743 3283 loco
768 3221 958 3283 Scholiorum
983 3233 1076 3303 atque
1103 3223 1151 3282 his
1172 3222 1343 3281 tacentibus

363 3305 481 3366 demum
504 3307 641 3388 quamvis
663 3306 809 3367 bonorum
836 3307 973 3367 codicum
995 3307 1167 3367 testimonia
1191 3305 1344 3365 audienda

364 3410 440 3450 esse.
476 3389 658 3472 Quanquam
672 3411 712 3450 ne
731 3391 838 3450 horum
858 3390 981 3471 quidem
1000 3400 1118 3450 tantum
1138 3390 1175 3449 ab
1199 3390 1260 3449 illis
1284 3389 1342 3450 dis·

364 3475 476 3534 crimen
488 3482 597 3543 exstat,
605 3484 639 3534 ut
653 3476 719 3534 sive
735 3475 803 3556 quis
817 3483 936 3534 nostras
949 3476 1015 3535 sive
1030 3475 1054 3535 J
1054 3475 1138 3533 ahnii
1149 3475 1282 3534 rationes
1295 3492 1342 3533 se·

364 3566 487 3636 quatur,
508 3558 547 3618 de
565 3559 665 3618 satiris
688 3559 762 3618 satis
782 3557 942 3618 emendate
963 3558 1101 3637 legendis
1123 3556 1344 3637 desperandum

363 3641 417 3717 sit3
435 3642 523 3701 immo
538 3650 624 3701 tanta
639 3643 745 3702 horum
766 3643 1006 3702 testimoniorum
1023 3642 1211 3723 praestantia
1227 3649 1342 3701 tantus·

364 3744 422 3805 qne
438 3726 470 3784 in
483 3726 619 3805 plurimis
632 3734 663 3786 et
673 3726 858 3804 gravissimis
871 3726 947 3786 locis
964 3745 1129 3786 consensus
1145 3735 1200 3798 est,
1215 3735 1249 3785 ut
1263 3724 1344 3806 quod

363 3809 423 3879 iam
435 3819 505 3890 ante
519 3810 574 3869 hos
588 3810 697 3888 viginti
711 3829 806 3868 annos
816 3809 849 3868 in
855 3809 984 3891 Ephem.
994 3809 1096 3870 Schol.
1105 3811 1239 3870 Darmst.
1255 3807 1344 3882 1833,
