3434 4575
606 497 612 508 ·
682 471 725 532 M.
744 471 836 533 VAL.
855 471 1085 534 MARTlALlS

441 787 588 866 Donasti,
607 787 713 866 Lupe,
735 807 788 845 rus
804 789 859 847 sub
876 789 954 847 urbe
969 790 1082 866 nobis3

440 870 504 932 Sed
518 891 571 931 rus
586 877 635 931 est
649 871 724 930 mihi
739 872 835 931 maius
849 874 882 931 in
897 873 1047 936 fenestra.

440 955 504 1016 Rus
518 957 578 1016 hoc
594 956 720 1034 dicere,
740 976 792 1016 rus
807 963 898 1036 potes
912 959 1049 1018 vocare!

441 1041 474 1100 ln
492 1061 555 1120 quo.
567 1046 636 1100 ruta
651 1041 726 1100 facit
740 1059 848 1100 nemus
864 1043 995 1120 Dianae,

419 1127 581 1204 5Argutae
599 1126 678 1203 tegit
693 1125 741 1185 ala
757 1125 839 1205 quod
854 1126 994 1204 cicadae,

441 1211 531 1287 Quod
545 1211 675 1270 formica
690 1210 741 1269 die
758 1211 894 1271 comedit
908 1230 986 1289 uno,

445 1294 557 1355 Clusae
573 1297 623 1355 cui
637 1295 744 1355 lolium
760 1314 851 1355 rosae
868 1315 982 1355 corona
997 1306 1062 1372 est3

442 1382 475 1438 ln
490 1398 550 1459 quo
566 1400 628 1441 uon
645 1380 741 1458 magis
755 1381 912 1440 invenitur
925 1381 1041 1459 herba,

441 1465 539 1539 Quam
554 1465 658 1523 Cosmi
672 1462 782 1524 folium
796 1467 926 1545 piperve
943 1464 1091 1544 crudum;

400 1550 473 1611 loln
488 1568 548 1626 quo
563 1567 622 1608 neo
638 1549 772 1608 cucumis
788 1550 1030 1628 iacererectus,

441 1633 507 1692 Nec
523 1651 654 1713 serpens
668 1634 810 1694 hahitare
826 1639 891 1694 tota
906 1635 1023 1715 possit,

441 1719 574 1777 Erucam
589 1717 669 1778 male
684 1720 785 1798 pascit
798 1719 909 1778 hortus
923 1739 1031 1798 unam,

442 1803 632 1883 Consumpto
647 1805 778 1863 moritur
794 1802 885 1864 culex
900 1802 1028 1883 salicto,

444 1889 486 1947 Et
499 1885 584 1968 talpa
599 1894 647 1948 est
661 1889 736 1948 mihi
751 1888 854 1948 fossor
871 1894 962 1966 atque
980 1896 1093 1952 arator.

401 1973 510 2034 15Nou
524 1971 649 2033 boletus
664 1976 768 2052 hiare,
791 1992 853 2031 non
869 1974 1019 2032 mariscae

441 2057 559 2119 Ridere
574 2065 626 2118 aut
640 2057 738 2118 violae
753 2064 864 2137 patere
878 2064 1017 2137 possunt.

442 2144 538 2202 Fines
553 2163 619 2202 mus
635 2141 802 2222 populatur
818 2148 851 2201 et
865 2142 973 2203 colono

443 2227 603 2305 Tanquam
619 2246 669 2286 sus
685 2225 875 2304 Calydonius
890 2229 1035 2307 timetur,

442 2312 484 2371 Et
499 2308 619 2369 sublata
632 2310 763 2370 volantis
778 2329 880 2389 ungue
895 2313 1036 2391 Prognes

399 2396 475 2456 toln
490 2392 563 2453 nido
579 2413 669 2473 seges
685 2402 733 2454 est
747 2394 966 2471 hirundinino;

443 2479 484 2538 ut
501 2497 567 2538 cum
585 2486 649 2539 stet
663 2481 730 2539 sine
746 2478 828 2540 falce
843 2481 1061 2560 mentulaque,

442 2562 510 2621 Non
527 2570 576 2623 est
591 2563 719 2625 dimidio
733 2565 820 2625 locus
837 2566 960 2645 Priapo.

442 2646 503 2709 vix
518 2647 630 2729 implet
645 2650 803 2710 cochleam
820 2658 948 2730 peracta
963 2653 1075 2710 messis

441 2732 483 2792 Et
498 2742 630 2795 mustum
645 2754 725 2795 nuce
740 2733 900 2795 condimus
915 2736 1025 2815 picata.

400 2817 577 2898 25Errasti,
596 2821 700 2899 Lupe,
721 2819 830 2880 littera
845 2819 902 2879 sed
917 2840 986 2882 una.

442 2903 517 2962 Nam
533 2923 593 2981 quo
607 2911 750 2985 tempore
764 2903 927 2985 praedium
942 2902 1075 2983 dedisti,

442 2984 572 3046 Mallem
587 2995 621 3047 tu
635 2990 710 3049 mihi
725 2988 887 3069 prandium
903 2987 1053 3049 dedisses.

841 3125 922 3185 XIX.

444 3235 591 3314 Quaeris,
614 3257 669 3296 cur
685 3235 782 3297 nolim
796 3243 828 3297 te
844 3218 977 3313 ducere,
1000 3232 1113 3295 Galla?
1141 3238 1270 3305 Diserta
1287 3264 1333 3307 es.

488 3320 588 3401 Saepe
604 3320 821 3382 soloecismum
840 3322 977 3382 mentula
992 3327 1100 3380 nostra
1115 3322 1202 3386 facit.

850 3457 916 3516 XX.

443 3569 587 3628 Caesaris
603 3568 735 3646 Augusti
749 3566 897 3647 lascivos,
918 3567 1029 3646 livide,
1049 3586 1160 3630 versus

487 3653 548 3712 Sex
561 3650 650 3729 lege,
672 3653 724 3729 qui
738 3653 839 3713 tristis
854 3655 949 3712 verba
966 3653 1062 3712 latina
1075 3652 1173 3733 legis:

446 3738 539 3815 Quod
548 3738 648 3813 futuit
664 3735 848 3818 Glaphyran
869 3740 1043 3816 Antonius,
1061 3740 1144 3802 hunc
1160 3742 1238 3805 cnidi
1249 3762 1351 3825 poeno

261 3913 361 4043 ἱ
