3434 4575
614 456 953 518 ul’luhnulmnuoh
966 458 1039 519 LlB.
1055 460 1077 518 l.
1114 506 1117 517 ,
1323 458 1365 523 al

405 606 476 667 Non
492 625 569 685 quae
585 606 624 668 de
639 607 736 667 tardis
749 615 912 669 servantur
925 610 1038 669 vitibus
1054 629 1129 669 uvae

448 690 597 751 Dulcibus
612 698 664 753 aut
678 699 800 752 certant
815 711 893 771 quae
908 692 1065 753 melimela
1079 694 1171 771 favis,

383 772 475 836 5Non
488 776 557 855 pira
574 795 652 854 quae
666 775 759 854 longa
771 776 912 857 pendent
925 775 1057 855 religata
1071 786 1199 856 genesta

448 859 512 918 Aut
525 861 643 934 imitata
657 861 769 923 breves
784 861 900 920 Punica
915 881 1009 940 grana
1023 881 1127 939 rosas,

404 943 530 1002 Rustica
546 942 698 1004 lactantes
712 963 771 1004 nec
786 945 870 1005 misit
885 945 1008 1005 Sassina
1023 952 1119 1004 metas

447 1026 512 1086 Nec
531 1026 570 1086 de
585 1026 709 1088 Picenis
722 1029 808 1089 venit
823 1028 902 1089 oliva
918 1028 1019 1088 cadis:

404 1109 511 1169 Nudus
527 1130 617 1191 aper,
637 1111 694 1172 sed
708 1118 741 1172 et
754 1113 806 1171 hic
821 1114 964 1173 minimus
980 1111 1139 1192 qualisque
1154 1115 1260 1172 necari

363 1204 399 1258 10
447 1195 474 1254 Α
493 1214 555 1254 non
570 1201 686 1255 armato
700 1194 871 1275 pumilione
885 1203 1007 1277 potest,

404 1278 447 1339 Et
460 1277 539 1338 nihil
551 1278 626 1339 inde
642 1279 744 1338 datum
760 1286 826 1354 est3
840 1286 961 1341 tantum
975 1282 1179 1361 spectavimus
1194 1299 1310 1344 omnes.

447 1362 570 1423 Ponere
585 1383 692 1443 aprum
707 1364 796 1422 nohis
811 1365 855 1424 sic
872 1369 905 1423 et
919 1367 1036 1425 harena
1050 1365 1141 1426 solet.

405 1445 543 1506 Ponatur
558 1448 616 1507 tibi
630 1446 731 1507 nullus
747 1466 821 1527 aper
835 1454 907 1528 post
922 1448 996 1508 talia
1014 1449 1111 1527 facta,

448 1529 512 1590 Sed
526 1537 560 1590 tu
573 1532 699 1610 ponaris
714 1533 764 1591 cui
780 1531 983 1593 Charidemus
1000 1553 1084 1613 apro.

787 1665 894 1726 XLIV.

408 1773 553 1835 Lascivos
568 1774 712 1856 leporum
726 1796 834 1836 cursus
845 1774 994 1856 lususque
1008 1775 1135 1839 leonum

450 1858 540 1934 Quod
556 1862 652 1920 maior
667 1861 757 1918 nobis
772 1861 879 1919 charta
893 1862 1056 1940 minorque
1071 1863 1154 1940 gerit

405 1943 447 2002 Et
462 1944 510 2001 bis
524 1944 608 2004 idem
621 1944 768 2020 facimus,
786 1944 914 2004 nimium
928 1945 971 2022 si,
994 1943 1109 2022 Stella,
1130 1944 1254 2004 videtur

449 2025 517 2085 lloc
532 2029 607 2106 tibi,
628 2029 675 2088 bis
689 2027 829 2108 leporem
844 2034 879 2089 tu
897 2047 1020 2108 quoqne
1034 2047 1116 2109 pone
1131 2029 1215 2090 mihi.

796 2161 890 2225 XLV.

404 2274 498 2337 Edita
512 2294 552 2335 ne
566 2274 711 2335 brevibus
725 2279 836 2354 pereat
850 2274 926 2334 mihi
941 2293 1014 2334 cura
1028 2269 1163 2351 libellis,

449 2360 576 2419 Dicatur
590 2360 694 2439 potins
715 2349 783 2418 Τόν
801 2348 832 2417 d’
849 2347 1123 2438 ἀπαμειβόμενος.

786 2507 895 2571 XLVI.

406 2619 484 2679 Cum
499 2618 576 2680 dicis
590 2620 770 2700 ‚‚Propcro‚
791 2621 840 2679 lac
854 2623 881 2682 ai
895 2623 1005 2699 facis‚“
1024 2618 1156 2700 Hedyli,
1175 2615 1304 2697 languet

447 2704 595 2763 Protinus
612 2709 644 2763 et
659 2709 760 2763 cessat
777 2702 940 2766 debilitata
954 2706 1069 2767 Venus.

405 2788 581 2867 Expectare
597 2787 685 2846 iuhe:
705 2785 841 2847 velocius
856 2789 908 2848 ibo
922 2795 1082 2850 retentus:

447 2869 580 2949 Hedyli,
603 2871 629 2930 si
643 2888 810 2951 properas,
828 2870 879 2931 dic
893 2874 987 2951 mihi,
1008 2890 1049 2932 ne
1063 2890 1238 2952 properem.

783 3005 903 3094 xuuu.

406 3116 514 3196 Nuper
529 3123 598 3177 erat
611 3117 765 3195 medicus,
788 3137 870 3178 nunc
884 3126 932 3179 est
946 3116 1071 3199 vispillo
1086 3115 1229 3178 Diaulus:

449 3199 539 3276 Quod
552 3200 676 3282 vispillo
694 3202 785 3279 lacit,
806 3203 928 3263 fecerat
945 3210 978 3264 et
991 3202 1139 3263 medicus.

781 3336 914 3399 XLVlll.

406 3443 547 3505 Rictibus
561 3445 610 3505 his
625 3451 730 3506 tauros
743 3466 806 3506 non
821 3448 966 3527 eripuere
982 3445 1137 3524 magistri,

448 3529 510 3588 Per
526 3548 602 3607 quos
616 3529 733 3609 praeda
746 3530 838 3609 fugax
851 3531 939 3609 itque
953 3528 1099 3608 reditque
1112 3525 1219 3609 lepus;

406 3611 558 3690 Quodque
576 3614 671 3692 magis
686 3615 813 3691 mirum,
835 3611 975 3673 velocior
990 3613 1054 3673 exit
1069 3613 1105 3673 ab
1120 3612 1211 3671 hoste

447 3696 513 3755 Nec
527 3695 606 3756 nihil
621 3717 638 3756 a
651 3703 738 3757 tanta
751 3696 915 3757 nobilitate
930 3696 1047 3774 refert„
