3434 4575
583 450 927 512 EPIGRAMMATCN
941 451 1016 513 LlB.
1034 451 1071 512 K

398 571 544 683 Quisquis
559 605 622 664 eris
637 604 737 663 nostri
751 610 823 684 post
838 621 886 662 me
903 609 1050 680 regnator
1066 599 1176 682 agelli,

438 689 584 748 Manibus
599 688 716 765 exiguis
731 705 830 747 annua
843 687 925 745 iusta
939 685 1019 746 dato.

376 773 453 833 trSic
469 769 537 829 lare
552 779 724 851 perpetuo,
747 772 791 830 sio
805 771 896 830 turba
911 771 1028 850 sospite
1044 768 1126 829 solus

438 853 569 915 Flebilis
583 856 616 914 in
631 860 717 913 terra
731 856 773 914 sit
787 853 866 933 lapis
883 854 944 913 iste
959 859 1019 913 tua.

794 966 885 1026 LXII.

397 1063 476 1124 Ludi
492 1065 653 1143 magister,
674 1082 769 1144 parce
786 1063 918 1144 simplici
931 1066 1052 1128 turbae.

398 1149 450 1207 Sic
466 1154 499 1208 te
512 1148 696 1228 frequentes
713 1147 838 1207 audiant
852 1146 988 1226 capillati

397 1233 439 1291 Et
453 1231 604 1292 delicatae
620 1230 729 1308 diligat
744 1233 856 1291 chorus
872 1249 1013 1310 mensae,

397 1316 463 1375 Neo
478 1314 662 1392 calculator,
685 1333 743 1374 nco
758 1315 897 1375 notarius
911 1313 1002 1374 velox

376 1399 521 1460 5Maiore
537 1399 695 1478 quisquam
711 1397 826 1458 circulo
841 1404 1017 1460 coronetur.

397 1481 495 1542 Albae
509 1482 603 1542 leone
618 1483 759 1542 flammeo
778 1481 881 1542 calent
895 1481 982 1542 luces

397 1567 587 1645 Tostamque
601 1566 726 1625 ferreus
740 1564 835 1625 lulius
853 1567 959 1645 coquit
973 1584 1114 1628 messem.

398 1651 520 1710 Cirrata
532 1649 611 1709 loris
626 1648 763 1709 horridis
778 1649 913 1727 Scythae
927 1648 1038 1729 pallia,

399 1736 465 1808 Qua
477 1733 631 1814 vapulavit
644 1734 786 1811 Marsyas
801 1732 1009 1810 Celaenaeus,

357 1815 592 1897 loFerulaeque
607 1817 732 1892 tristes,
756 1822 880 1896 sceptra
895 1815 1158 1895 paedagogorum,

400 1902 531 1961 Cessent
545 1907 578 1961 et
592 1899 663 1960 ldus
679 1898 833 1958 dormiant
846 1901 878 1958 in
894 1898 1064 1959 Octobres:

398 1986 524 2045 Aestate
538 1985 629 2065 pueri
645 1984 671 2042 si
684 1980 805 2059 valent,
826 1985 901 2042 satis
917 1981 1047 2042 discunt.

782 2092 885 2154 LXlll.

397 2193 550 2252 Marmora
564 2212 658 2271 parva
673 2189 814 2271 quidem,
834 2191 967 2252 sednon
983 2209 1123 2269 cessura,
1144 2191 1262 2268 uiator,

439 2273 574 2336 Mausoli
591 2277 670 2359 saxis
686 2275 941 2357 pyramidumque
955 2274 1044 2356 legia.

397 2360 450 2418 Bis
466 2378 535 2418 mea
548 2360 684 2419 Romano
700 2367 838 2439 spectata
854 2368 903 2422 est
918 2363 981 2421 vita
997 2360 1151 2440 Tarento,

439 2443 481 2500 Et
495 2440 575 2500 nihil
591 2448 746 2502 extremos
759 2444 899 2523 perdidit
914 2450 985 2505 ante
1001 2464 1102 2523 rogor.

378 2525 546 2602 bQuinque
563 2523 650 2584 dedit
663 2544 794 2607 pueros,
816 2528 947 2589 totidem
963 2529 1038 2588 mihi
1052 2529 1126 2588 luno
1144 2526 1279 2609 puellas:

440 2606 608 2668 Cluserunt
622 2628 728 2670 omnes
742 2608 857 2672 lumina
871 2617 978 2672 nostra
997 2631 1113 2673 manns.

398 2693 538 2770 Contigit
552 2699 585 2752 et
599 2692 725 2754 thalami
740 2697 815 2755 mihi
831 2695 930 2775 gloria
943 2715 1014 2755 rara
1026 2696 1148 2774 fuitque

437 2776 506 2836 Una
521 2776 689 2856 pudicitiae
704 2779 839 2840 mentula
855 2786 930 2839 nota
942 2796 1039 2840 meae.

778 2890 885 2953 LXlV.

397 2985 574 3064 Contigeris
588 2989 697 3067 regina
712 3005 797 3046 meos
813 2988 838 3045 si
855 2984 948 3045 Polla
959 2983 1102 3066 libellos,

438 3069 506 3129 Non
521 3072 634 3130 tetrica
646 3076 771 3129 nostros
786 3070 895 3150 excipe
911 3070 1016 3131 fronte
1030 3072 1124 3132 iocos.

394 3150 452 3212 Ille
468 3159 538 3213 tuus
553 3159 655 3230 vates,
677 3151 839 3212 Heliconis
856 3152 954 3231 gloria
967 3157 1084 3231 nostri,

436 3237 540 3296 Pieria
557 3242 684 3297 caneret
699 3256 766 3295 oum
781 3236 849 3295 fera
864 3237 946 3297 bella
959 3238 1050 3314 tuba,

373 3320 465 3380 5Non
481 3326 584 3379 tamen
598 3321 722 3379 erubuit
735 3319 849 3379 lascivo
867 3317 973 3379 dicere
985 3338 1077 3380 uersu

438 3402 493 3478 „si
507 3420 566 3461 uec
580 3401 742 3482 paediam,
766 3403 874 3480 Cotta,
896 3402 970 3482 quid
984 3403 1035 3463 hio
1049 3400 1176 3463 facioi“

778 3512 872 3575 LXV.
986 3566 989 3575 .

397 3612 474 3671 Cum
487 3617 520 3671 te
534 3611 717 3692 municipem
732 3612 972 3673 Corinthiorum

396 3696 512 3774 lactes,
532 3696 756 3775 Charmeuiou‚
777 3702 910 3777 negante
927 3693 1030 3776 nullo,

1088 3774 1151 3841 16*

1236 450 1358 528 ,6248
