3434 4575
704 471 913 522 Picumno.
1238 473 1297 521 m

314 623 376 675 aad,
387 630 420 673 es
429 617 486 673 eod.
496 616 574 674 vatic.
586 617 613 673 T.
627 617 674 683 lll.
683 634 708 689 p.
721 634 788 673 xvrn
806 620 969 691 insignissima
979 619 1089 689 exempla
1106 617 1219 684 exbibet,
1238 617 1300 674 circa

315 717 362 756 sec.
376 701 458 757 Vivel
468 702 509 757 Vll
527 702 617 773 duplex
640 704 765 758 satirarum
783 704 892 758 recensio
909 702 1040 769 exstiterit,
1062 719 1163 775 quarum
1177 703 1300 759 alterama

314 786 442 841 christiano
458 786 557 842 bomine
575 794 648 859 atque
663 788 826 843 eeclesiastico
840 789 928 844 iactam
944 803 997 843 esse
1008 787 1135 843 manifesto
1147 786 1197 843 Sat.
1211 786 1271 841 lllll.
1285 793 1300 842 2

315 879 457 942 argumento
469 881 578 938 constat,
592 872 633 926 ubi
646 888 689 942 pro
699 873 814 928 cremam
823 872 949 927 Memora
964 874 988 926 in
1005 873 1123 943 plerisque
1135 871 1201 927 libris
1212 871 1301 942 legitur
1386 906 1389 911 -

314 956 428 1010 ronedum
437 965 462 1012 et
477 974 577 1028 stepen,
598 957 726 1024 nimimm,
744 957 808 1029 qnod
820 963 876 1028 post
886 957 939 1013 Nic.
952 957 1085 1027 Rigaltium
1096 957 1168 1011 docte
1179 954 1301 1010 annotavit

316 1039 341 1094 o
357 1039 385 1095 G.
399 1041 521 1096 Webems
532 1041 658 1096 Animadv.
674 1041 703 1095 ad
715 1040 797 1096 lunen.
809 1040 881 1099 Satir.
894 1042 942 1096 len.
958 1046 1032 1100 1820.
1051 1042 1081 1104 8.
1100 1056 1124 1110 p.
1138 1043 1188 1105 37,
1201 1041 1299 1092 σπῖλον
1364 1096 1366 1101 .

315 1121 360 1178 mi
370 1117 479 1194 ὅπίδα,
490 1141 553 1196 quae
563 1123 589 1181 S.
601 1125 668 1180 Pauli
678 1126 749 1180 verba
761 1126 790 1181 ad
802 1125 890 1196 Epher.
901 1126 928 1182 V.
940 1130 973 1183 27
987 1142 1016 1179 ex
1028 1126 1099 1180 latina
1108 1123 1216 1178 eiusdem
1227 1125 1300 1179 inter-

314 1210 447 1279 pretatione
457 1211 599 1265 memoriler
606 1210 635 1264 ad
644 1210 779 1265 luvenalem
789 1210 863 1265 bomo
874 1211 1022 1265 semidoctus
1034 1209 1168 1268 transtulitr
1179 1207 1296 1264 eiusdem·

313 1309 358 1364 qne
368 1309 468 1348 manum
485 1309 528 1364 per
538 1309 624 1349 omnes
639 1294 711 1349 buius
725 1295 799 1349 libros
816 1296 840 1349 in
851 1294 914 1366 disp.
927 1294 958 1348 de
972 1294 1096 1349 codicibus
1106 1292 1224 1348 luvenalis
1234 1301 1298 1346 recte

314 1380 477 1434 existimandis
486 1379 555 1434 lect.
567 1377 634 1434 Gott.
645 1387 704 1434 aest.
717 1382 783 1438 1847
796 1380 926 1450 praemissa
944 1387 980 1433 tot
993 1381 1101 1433 locomm
1118 1377 1211 1432 indiciis
1231 1391 1297 1430 coar·

314 1463 394 1534 guisse
404 1464 462 1517 milri
474 1463 572 1528 videor,
585 1472 611 1517 ut
624 1464 737 1533 plurimas
749 1464 971 1535 insignissimasque
983 1465 1122 1525 variemtes,
1136 1461 1222 1532 quibus
1233 1459 1298 1514 codi-
1388 1497 1393 1505 .

314 1563 352 1602 eas
362 1549 438 1603 nostri
452 1549 514 1602 inter
524 1563 552 1601 se
563 1549 711 1618 discrepant,
724 1564 773 1602 non
783 1549 811 1601 ad
825 1549 936 1603 tennitas
946 1549 1075 1602 uerborum
1087 1546 1244 1615 corruptelas,
1256 1544 1298 1598 sed

314 1633 341 1686 ad
359 1633 517 1687 deliberatam
540 1641 627 1703 poetae
645 1633 853 1703 interpolationem
867 1634 956 1688 referre
972 1633 1051 1687 liceat.
1082 1637 1117 1686 llc
1128 1631 1176 1685 duo
1187 1630 1298 1684 codicum

314 1731 410 1789 genera,
421 1732 526 1789 quorum
537 1717 640 1772 altemm
651 1718 773 1788 integmm
785 1718 835 1772 lere
844 1719 898 1773 solo
909 1717 1041 1771 Pithoeano
1053 1722 1177 1776 cernatur.
1197 1714 1297 1769 alterum

313 1810 452 1872 coemptum
463 1802 570 1872 reliquos
581 1816 657 1872 paene
675 1817 759 1856 omnes
775 1802 974 1872 comprehendat,
993 1802 1040 1854 iarn
1051 1798 1080 1856 0.
1096 1799 1191 1852 labnius
1202 1798 1230 1852 ad
1242 1796 1298 1852 Per·

313 1886 372 1940 mum
382 1902 408 1957 p.
422 1902 506 1941 cxxvr
519 1886 643 1941 luculento
653 1884 704 1942 Sat
720 1885 762 1943 lx.
769 1890 803 1945 37
816 1886 927 1956 exemplo
938 1885 1060 1944 distinxit;
1072 1884 1135 1938 idern
1146 1896 1204 1936 vero
1215 1880 1299 1936 discri-

314 1987 365 2025 men
381 1985 426 2041 per
437 1970 552 2041 plurimas
562 1970 713 2041 singularum
731 1972 859 2025 satirarum
875 1971 990 2026 lectiones
1009 1970 1178 2040 investigatum
1189 1981 1263 2037 quum
1274 1965 1299 2020 in

313 2056 350 2109 illa
357 2055 522 2126 disputatione
533 2055 563 2109 ad
574 2070 627 2108 eam
633 2071 705 2126 qnam
715 2055 763 2110 dixi
776 2055 986 2126 interpolationem
997 2053 1114 2118 revocavi,
1127 2061 1179 2106 turn
1190 2051 1213 2105 in
1225 2050 1299 2106 altera

313 2140 340 2194 de
349 2139 509 2196 Scholiomm
517 2140 546 2194 ad
557 2138 692 2194 iuvenalem
704 2154 795 2212 genere
806 2140 925 2196 deteriore
937 2138 1069 2195 indicendis
1080 2137 1146 2192 beot.
1158 2142 1217 2190 aest.
1230 2138 1298 2194 1849

313 2226 398 2296 scripta
415 2240 445 2279 eo
460 2239 538 2296 usque
549 2234 690 2295 persecutns
701 2241 768 2289 sum,
786 2233 813 2279 ut
825 2227 982 2296 interpretum
998 2238 1093 2296 quoque
1110 2221 1183 2276 medii
1200 2220 1251 2275 aeri
1263 2219 1299 2274 in-

313 2310 398 2379 eptias,
416 2326 520 2381 quarum
537 2317 561 2363 et
573 2310 668 2364 lalrnins
679 2310 736 2365 ibid.
756 2325 781 2380 p.
794 2327 858 2364 cxvi
875 2318 901 2365 et
911 2310 1062 2380 Sohopenins
1079 2310 1103 2363 in
1113 2307 1199 2379 Progr.
1212 2304 1297 2377 Gymn.

313 2393 444 2449 &poenus
457 2398 524 2453 1847
537 2396 668 2464 specimina
678 2410 693 2449 e
703 2394 903 2450 bibliothecarum
915 2394 1012 2450 latebris
1023 2393 1201 2464 produxerunt.
1212 2391 1242 2447 ad
1258 2390 1299 2445 de·

313 2481 422 2535 teriorem
441 2479 508 2532 illarn
527 2480 693 2534 recensionem
713 2487 823 2550 spectare
844 2480 1049 2539 demonstrarem:
1068 2476 1181 2533 omnibus
1197 2475 1300 2546 deniqne

313 2563 443 2619 rationibus
459 2562 586 2618 subductis
603 2564 669 2619 velut
682 2564 802 2634 duplicem
819 2564 957 2619 Iuvenalem
968 2570 1074 2617 statuere
1085 2560 1180 2623 licebit.
1197 2560 1299 2615 alterum

313 2650 458 2719 germinum,
475 2647 519 2701 sed
536 2648 605 2702 euius
622 2648 699 2703 lorma
715 2656 740 2702 et
756 2649 887 2704 auctoritas
904 2665 934 2703 ex
945 2664 994 2702 uno
1005 2646 1097 2712 codice,
1109 2661 1181 2718 quern
1192 2652 1240 2717 ego
1251 2644 1300 2699 Bn-

313 2732 425 2793 densem,
438 2731 534 2785 lalrnius
547 2730 705 2786 l’itlroeanum
717 2733 858 2803 appellarit,
871 2741 896 2788 et
907 2732 1040 2803 antiquiore
1051 2730 1198 2785 scholiorum
1209 2744 1299 2801 genere

313 2817 347 2871 rel
358 2816 491 2871 Pithoerno
508 2816 547 2870 vel
562 2814 714 2887 Sangallensi
733 2825 786 2872 toto
808 2818 925 2889 cognosci
942 2817 1030 2887 possit,
1050 2816 1151 2870 alterurn
1173 2814 1298 2883 multiplici

313 2903 397 2955 ueteris
408 2901 553 2955 correctoris
565 2901 660 2955 lieentia
672 2902 845 2968 deformatum,
867 2917 939 2974 quern
950 2910 1031 2955 tamen
1043 2899 1115 2954 medii
1127 2900 1179 2953 aevi
1188 2899 1298 2954 homines

313 2986 369 3039 adeo
379 2986 461 3040 solum
472 2995 649 3057 cognoverunt,
661 2993 688 3040 ut
699 2987 814 3059 quidquid
822 2987 934 3042 codicum
946 2993 1040 3056 praeter
1047 3000 1122 3038 rmum
1133 2984 1201 3038 illum
1212 2983 1298 3037 babea-

314 3086 377 3133 mus,
391 3071 421 3125 ad
432 3070 505 3124 huius
515 3070 654 3140 exemplum
665 3070 811 3141 descriptum
823 3079 847 3126 et
859 3078 1020 3142 propagatum
1032 3085 1084 3123 esse
1101 3069 1216 3123 rideatur.
1246 3067 1298 3130 Qua

314 3155 464 3209 insonte-ntia
481 3170 530 3208 non
548 3154 595 3208 boc
611 3155 679 3217 dico,
697 3156 802 3226 reliquos
813 3156 909 3211 codices
923 3164 948 3209 et
964 3156 1029 3224 ipsos
1039 3155 1110 3207 unius
1121 3162 1214 3207 tantum
1224 3153 1297 3205 instar

313 3253 364 3293 esse
373 3255 452 3311 neque
463 3240 526 3293 inter
537 3254 565 3292 se
576 3254 659 3293 mrsus
669 3241 752 3294 multis
769 3242 913 3311 magnisque
930 3239 1084 3293 varietatibus
1095 3238 1206 3296 differre;
1223 3239 1298 3291 immo

313 3322 396 3378 bomin
407 3338 504 3394 quoque
522 3332 547 3376 et
558 3323 662 3377 familiae
673 3324 780 3378 bonitate
797 3326 865 3379 valde
883 3325 990 3379 diversae
1008 3330 1103 3377 exstant
1120 3331 1144 3375 et
1159 3321 1250 3392 singuli
1263 3322 1297 3373 in·

313 3408 404 3479 signem
416 3406 569 3462 librariomm
585 3407 709 3461 audaciam
719 3410 811 3479 experti
828 3417 899 3474 sunt,
919 3409 988 3463 euius
1004 3406 1109 3461 notabile
1125 3406 1297 3459 documentum

313 3481 513 3564 Veesenmeyems
525 3492 548 3545 in
557 3492 642 3563 Progr.
654 3490 761 3547 Ulmeosi
773 3498 839 3551 1793
850 3493 994 3563 publicavit;
1006 3508 1051 3545 nec
1063 3490 1168 3544 vicissim
1180 3490 1297 3559 optimum

313 3578 418 3632 codicem
431 3577 558 3631 communi
570 3574 682 3630 omnibus
693 3579 883 3647 corruptelarum
902 3577 939 3631 vel
957 3576 1175 3631 additamentomm
1193 3575 1246 3628 labe
1257 3590 1297 3627 ca·

313 3675 360 3715 rere
376 3673 400 3716 et
419 3677 474 3716 mea
492 3668 518 3715 et
534 3661 637 3714 aliorum
654 3661 796 3716 emendandi
813 3663 940 3716 conamina
958 3660 1033 3716 libere
1043 3659 1151 3729 professa
1161 3666 1233 3721 sanir
1251 3659 1296 3729 ipsi

312 3751 386 3802 tamen
398 3745 547 3800 emendandi
556 3744 659 3815 negotio
670 3761 745 3815 quum
755 3746 816 3799 baec
826 3753 921 3800 tantmu
932 3745 999 3815 optio
1010 3744 1065 3798 data
1076 3744 1124 3811 sit,
1133 3751 1214 3799 utrum
1225 3742 1256 3799 ab
1266 3758 1295 3800 eo

314 3828 422 3888 librorum
432 3846 527 3904 genere
538 3828 712 3901 proficiscatur,
729 3832 753 3887 in
764 3847 812 3904 quo
822 3844 954 3901 numquam
964 3845 1013 3886 ooo
1024 3828 1201 3899 interpolatoris
1211 3841 1295 3884 ocurr-

686 3959 704 3994 l
1049 3912 1089 3973 b*
