3434 4575
581 491 923 553 EPIGRAMMATON
937 492 1012 556 LIB.
1027 493 1078 555 Vl.
1292 492 1354 558 145

437 645 504 705 llos
519 641 645 703 Hilarus
660 640 757 702 collas
772 646 806 702 et
819 642 890 722 iuga
906 642 990 704 laeta
1004 651 1101 705 tenet.

373 730 529 808 5Aspice,
551 747 640 804 quam
655 732 742 786 certo
758 723 865 786 videar
878 746 940 787 non
953 726 1074 806 ligneus
1089 746 1145 788 ore

437 812 502 872 Nec
518 810 629 871 devota
643 810 721 869 focis
736 810 871 887 inguinis
887 830 970 870 arma
984 830 1105 890 geram,

397 895 461 957 Sed
475 896 551 954 milri
564 901 717 974 perpetua
730 912 884 971 nunquam
898 896 1047 955 moritura
1061 915 1209 975 cupresso

437 978 586 1039 Phidiaca
599 980 700 1057 rigeat
713 975 850 1036 mentula
866 975 958 1056 digna
970 999 1070 1041 manu.

397 1065 518 1139 Vicini,
539 1081 665 1140 moneo,
687 1067 826 1121 sanctum
841 1060 1001 1121 celebrate
1015 1063 1161 1144 Briapum

355 1159 390 1210 10
436 1148 478 1209 Et
492 1147 539 1208 bis
555 1146 693 1226 septenis
707 1145 827 1224 parcite
840 1147 1008 1224 iugeribus.

768 1278 904 1343 LXXIV.

398 1377 506 1440 Medio
524 1379 678 1438 recumbit
695 1379 773 1438 imus
788 1376 844 1438 ille
860 1379 914 1458 qui
927 1378 1030 1457 lecto,

400 1461 524 1524 Calvam
536 1460 663 1521 triiilem
678 1464 856 1522 semitectus
872 1469 1049 1542 unguento,

396 1546 552 1624 Foditque
566 1547 664 1606 tonsis
682 1566 736 1605 ora
748 1545 816 1606 lana
829 1544 988 1626 lentiscis,

397 1631 568 1707 Mentitur,
590 1628 781 1690 Aesculane:
803 1649 867 1690 non
883 1631 979 1692 habet
993 1629 1113 1692 dentes.

665 1760 667 1765 ’
776 1763 899 1826 LXXV.

398 1864 474 1924 Cum
489 1866 586 1925 mittis
601 1864 763 1925 turdumve
777 1866 854 1924 mihi
870 1863 1055 1943 quadramve
1072 1861 1252 1942 placentae,

439 1947 510 2008 Sive
524 1949 625 2008 lemur
639 1947 774 2028 leporis,
794 1950 859 2007 sive
873 1948 948 2027 quid
963 1949 1012 2008 his
1026 1945 1128 2007 simile
1141 1953 1204 2025 est,

396 2030 557 2092 Buccellas
572 2033 692 2093 misisse
707 2038 774 2092 tuas
788 2037 838 2108 te,
861 2033 990 2111 Pontia,
1011 2031 1099 2095 dicis.

438 2116 502 2175 llas
517 2134 574 2195 ego
589 2137 652 2177 non
666 2118 800 2193 mittam,
821 2116 950 2194 Pontia,
973 2115 1030 2176 sed
1044 2135 1104 2177 nec
1119 2112 1216 2176 edam.

766 2249 903 2314 LXXVI.

395 2345 453 2408 lile
467 2350 547 2408 sacri
560 2348 670 2409 lateris
685 2355 789 2409 custos
804 2351 979 2429 Martisque
995 2349 1109 2428 togati,

440 2432 568 2492 Credita
582 2435 632 2492 cui
647 2435 756 2493 summi
771 2440 873 2493 castra
886 2433 977 2494 fuere
994 2433 1098 2510 ducis,

395 2516 456 2575 llic
470 2517 547 2576 situs
563 2522 611 2577 est
623 2517 751 2578 Fuscus.
781 2516 873 2576 Licet
887 2516 964 2595 hoc,
982 2516 1139 2595 Fortuna,
1159 2518 1271 2597 fateri,

438 2597 506 2658 Non
525 2602 614 2660 timet
628 2599 760 2663 hostiles
774 2601 835 2659 iam
848 2599 928 2679 lapis
942 2602 1003 2661 iste
1017 2602 1124 2661 minas.

374 2682 526 2770 5dr'3rande
541 2686 644 2761 iugum
660 2683 775 2743 domita
788 2684 889 2741 Dacus
905 2686 1027 2744 cervice
1042 2685 1164 2763 recepit

438 2768 480 2827 Et
494 2766 639 2827 famulum
654 2768 767 2827 victrix
780 2766 922 2847 possidet
937 2770 1046 2828 umbra
1061 2786 1181 2830 nemus

758 2878 908 2942 LXXVII.

399 2976 475 3036 (inm
491 2978 533 3037 sis
548 2985 610 3039 tam
624 2999 757 3061 pauper,
778 2983 870 3059 'quam
885 3000 944 3041 nec
959 2979 1146 3041 miserabilis
1160 2982 1242 3062 lros,

441 3060 517 3120 Tam
531 3063 666 3142 iuvenis,
689 3085 779 3143 quam
791 3084 850 3125 nec
865 3065 1119 3146 Parthenopaeus
1135 3072 1218 3142 erat3

398 3143 475 3204 Tam
489 3145 597 3225 fortis,
620 3168 710 3227 quam
723 3168 797 3225 nec,
812 3169 881 3209 cum
894 3150 1052 3229 vinceret,
1074 3149 1307 3228 Artemidorus,

441 3228 522 3303 Quid
537 3236 569 3290 te
585 3231 801 3312 Cappadocum
816 3252 871 3293 sen
886 3254 963 3294 onus
978 3252 1048 3294 esse
1062 3234 1167 3293 iuvat?

375 3310 524 3372 5Rideris
539 3313 698 3392 multoque
712 3318 807 3394 magis
823 3315 1012 3395 traduceris,
1032 3317 1127 3394 Afer,

440 3395 536 3470 Quam
549 3394 649 3456 nudus
663 3398 765 3458 medio
781 3400 807 3457 si
825 3401 961 3478 spatiere
976 3400 1055 3460 foro.

397 3477 466 3537 Non
481 3477 574 3538 aliter
587 3486 776 3540 monstratur
790 3480 879 3541 Atlas
894 3502 962 3542 cum
977 3483 1213 3562 compareginno

441 3560 588 3640 Quaeque
602 3564 688 3623 vehit
701 3563 832 3624 similem
846 3564 937 3625 belna
950 3568 1039 3645 nigra
1054 3566 1164 3647 Libyn.

396 3643 550 3707 invidiosa
564 3648 621 3707 tibi
637 3650 781 3726 quamsit
796 3647 926 3727 lectica,
948 3651 1107 3729 requiris?

356 3738 389 3791 io
437 3728 507 3789 Non
521 3730 617 3794 debes
632 3733 711 3796 ferri
726 3740 864 3796 mortuus
879 3734 1067 3817 hemphoro.

396 3813 503 3875 Maon.
1110 3817 1151 3880 10
