3434 4575
455 444 519 508 ³26
775 448 821 510 M.
837 446 930 510 VAL.
945 448 1173 509 MARTlALlS

712 648 820 710 XLIV.
847 648 1079 712 Candelabrum
1093 652 1245 732 ligneum.

539 763 618 823 Esse
633 760 720 822 vides
734 760 869 841 lignum3
892 781 996 822 servas
1010 763 1071 823 nisi
1085 761 1218 839 lumino,
1241 763 1299 823 fiat

580 847 627 906 De
642 844 827 907 candelabro
839 865 948 924 magno
961 844 1089 906 lucerne
1104 848 1172 906 tibi.

791 980 885 1043 XLV.
910 981 978 1042 lile
987 981 1156 1064 paganica.

539 1079 625 1138 Haec
641 1097 720 1157 quoe
735 1077 857 1138 dillicili
872 1085 978 1157 turget
992 1079 1138 1157 paganica
1154 1076 1276 1158 plume,

579 1160 672 1223 Folle
685 1164 785 1222 minus
803 1161 872 1223 laxe
887 1168 937 1222 est
952 1168 985 1222 et
999 1164 1097 1222 minus
1113 1167 1181 1221 ortu
1195 1161 1272 1242 pile.

786 1296 890 1359 XLVI.
913 1297 983 1357 Pila
998 1296 1173 1378 trigonalis

538 1391 572 1451 Si
589 1410 638 1453 me
653 1391 817 1452 mobilibus
833 1395 916 1452 nosti
932 1391 1094 1472 expulsare
1109 1393 1260 1468 sinistris,

581 1476 654 1536 Sum
668 1483 736 1536 tue:
757 1482 792 1536 tu
806 1478 925 1554 nescis,
945 1478 1078 1536 rustice:
1100 1472 1200 1535 redde
1215 1473 1325 1554 pilam.

849 1608 969 1672 XLVll.
991 1608 1101 1670 Follis.
1192 1637 1195 1644 ·

536 1707 582 1767 lte
596 1704 721 1787 procul,
741 1708 886 1768 iuvenes:
907 1709 990 1767 mitis
1003 1708 1080 1767 mihi
1094 1709 1239 1766 convenit
1254 1714 1368 1786 actm

578 1790 670 1851 Folle
687 1790 779 1851 decet
792 1811 908 1873 pueros
921 1791 1050 1870 ludere,
1072 1789 1151 1850 folle
1167 1809 1269 1851 senes.

806 1926 941 1988 XLVlll.
965 1927 1139 2006 Harpasta.

537 2023 623 2083 Haec
636 2022 719 2103 rupit
734 2023 846 2083 Antaei
860 2022 949 2083 velox
962 2025 995 2083 in
1008 2022 1136 2102 pulvere
1153 2020 1306 2103 draucos,

580 2106 716 2168 Grandis
731 2108 782 2186 qui
797 2126 873 2167 vano
890 2106 970 2167 colla
984 2106 1093 2168 labore
1106 2106 1189 2166 facit.

828 2238 934 2301 XLIX.
955 2237 1116 2303 Halteres.

538 2335 620 2412 Quid
633 2341 767 2413 pereunt
787 2334 882 2395 stulto
897 2336 997 2397 fortes
1011 2337 1134 2399 haltere
1151 2337 1288 2400 lacerti?

575 2419 711 2478 Exercet
724 2417 836 2480 melius
850 2420 939 2481 vinee
953 2421 1036 2481 fosso
1050 2424 1142 2482 viros.

832 2555 867 2614 L.
891 2555 1114 2618 Galericulum.

533 2648 581 2709 Ne
594 2648 677 2711 lutet
691 2652 879 2714 immundum
894 2653 1010 2715 nitidos
1025 2673 1147 2715 ceroma
1163 2657 1313 2739 capillos,

576 2735 643 2796 ileo
658 2739 776 2817 poteris
789 2737 927 2799 madidos
943 2738 1078 2800 condere
1094 2738 1178 2819 pelle
1195 2760 1312 2805 comus.

853 2874 903 2935 Ll.
924 2872 1081 2956 Strigiles.

534 2966 706 3045 Pergamon
719 2970 775 3030 hos
790 2972 883 3032 misit.
914 2973 1015 3033 Curvo
1031 2971 1227 3051 destringere
1243 2975 1360 3054 ferr03

574 3050 644 3111 Non
657 3059 721 3112 tem
737 3072 831 3134 scope
845 3061 932 3116 teret
944 3056 1043 3116 linter
1056 3055 1134 3117 fullo
1148 3057 1217 3118 tibi.

790 3188 852 3249 Lll.
876 3188 994 3249 Guttae
1008 3210 1148 3251 corneus.

533 3282 674 3344 Gestavit
687 3284 778 3346 modo
792 3287 899 3347 fronte
913 3306 962 3368 spe
976 3290 1132 3348 iuvencus.

531 3366 648 3429 Verum
662 3368 863 3431 rhinocerote
877 3388 927 3430 me
946 3373 1085 3451 putabas.

819 3503 894 3565 Llll.
915 3503 1116 3569 Rhinoceros.

530 3596 638 3677 Nuper
653 3600 687 3658 in
700 3603 836 3661 Ausonis
851 3599 966 3661 domini
981 3608 1137 3682 spectatus
1151 3603 1271 3663 herene

570 3680 633 3743 llic
647 3684 709 3743 erit
722 3683 778 3745 ille
792 3685 867 3763 tibi,
891 3686 941 3746 cui
955 3684 1019 3766 pile
1034 3692 1140 3747 taurus
1155 3691 1233 3746 eret.
