3434 4575
744 483 871 555 suman
893 483 969 533 xus.

362 627 421 691 Nec
443 647 518 710 puer
539 626 663 703 iliacus,
687 625 816 688 lormosa
839 645 894 687 nec
916 625 1050 687 Herculis
1071 641 1146 686 uxor

362 714 405 777 Ad
428 714 552 792 cyathos
576 721 606 773 et
626 713 682 773 iam
705 713 816 774 siccato
839 721 960 773 nectare
983 720 1103 788 tergens

361 799 480 860 Brachia
503 797 654 860 Vulcanus
675 794 816 876 Liparaea
839 798 923 875 nigra
942 793 1080 870 taberna,
1322 805 1355 858 45

361 883 522 945 Prandebat
545 880 601 942 sibi
624 882 747 962 quisque
770 881 859 957 deus,
880 899 937 942 nec
958 878 1042 941 turba
1064 879 1182 940 deornm

361 967 439 1029 Talis
461 977 493 1029 nt
515 976 562 1028 est
584 966 689 1041 bodie,
714 975 909 1046 contentaque
931 965 1030 1025 sidera
1052 965 1152 1043 paucis

360 1051 528 1113 Numinibus
551 1052 687 1112 miserum
712 1050 855 1128 urgebant
875 1050 990 1111 Atlanta
1011 1050 1112 1109 minori

360 1137 510 1202 Pondere:
534 1135 660 1197 nondum
679 1135 786 1216 aliquis
806 1137 926 1196 sortitus
949 1135 1031 1196 triste
1055 1132 1191 1213 profundi

360 1221 515 1302 Imperium
539 1230 587 1281 aut
606 1219 705 1282 Sicula
724 1229 826 1280 torvus
848 1238 911 1281 oum
936 1220 1061 1297 coniuge
1083 1217 1196 1294 Pluton,
1328 1233 1359 1282 50

360 1305 423 1368 liec
444 1315 510 1367 rota
533 1323 590 1366 nec
613 1305 707 1365 iuriae
731 1322 788 1364 nec
811 1322 911 1365 saxum
934 1313 982 1364 aut
1003 1301 1126 1364 vulturis
1148 1304 1201 1364 atri

361 1390 474 1467 Poena,
499 1391 551 1450 sed
572 1389 692 1450 infernis
714 1388 823 1449 hilares
845 1390 908 1449 sine
932 1386 1052 1465 regibus
1073 1387 1203 1449 umbrae.

361 1474 536 1555 lmprobitas
558 1473 610 1536 illo
632 1475 684 1534 luit
702 1472 879 1534 admirabilis
902 1490 988 1548 aevo,

362 1557 532 1621 credebant
554 1575 612 1637 quo
633 1558 746 1636 grande
770 1557 852 1618 neias
875 1568 905 1618 et
926 1566 1020 1617 morte
1043 1558 1187 1636 piandum,

361 1645 392 1704 Si
413 1644 529 1704 iuvenis
549 1643 648 1704 vetulo
669 1660 727 1703 non
750 1651 955 1703 assurrexerat
978 1650 1007 1701 et
1029 1642 1053 1701 si
1327 1652 1361 1703 bt

361 1727 488 1790 barbato
512 1728 682 1808 cuicumque
704 1745 792 1805 puer,
816 1726 887 1788 licet
908 1727 973 1804 ipse
995 1726 1111 1788 rideret

364 1812 448 1874 Plura
471 1812 549 1874 domi
571 1812 655 1890 iraga
679 1822 707 1871 et
726 1813 853 1872 maiores
877 1810 991 1888 glandis
1015 1829 1151 1872 acervos.

362 1896 431 1958 Tam
451 1895 625 1958 venerabile
649 1906 712 1956 erat
735 1896 919 1976 praecedere
941 1903 1076 1974 quattuor
1099 1897 1191 1974 annis,

364 1981 514 2062 Primaque
538 1999 591 2061 par
612 1982 688 2042 adeo
710 1999 814 2041 sacrae
835 1980 943 2057 lanugo
965 1980 1122 2042 senectae!

362 2064 461 2144 liunc,
484 2067 510 2126 si
532 2065 696 2145 depositum
717 2083 774 2125 non
800 2065 937 2126 iniitietur
961 2064 1080 2140 amicus,
1325 2072 1360 2126 60

362 2151 394 2212 si
418 2150 523 2212 reddat
543 2160 676 2212 veterem
699 2169 763 2211 cum
784 2159 844 2210 tnta
868 2149 1007 2226 aerugine
1031 2149 1143 2228 follem,

363 2235 535 2315 Prodigiosa
557 2235 631 2297 bdes
655 2245 685 2297 et
709 2233 814 2297 Tuscis
836 2235 923 2314 digna
947 2233 1066 2312 libellis,

363 2319 505 2402 Quaeque
528 2330 667 2382 coronata
690 2321 806 2382 lustrari
828 2318 936 2381 debeat
958 2337 1041 2397 agna.

362 2404 522 2485 Egregium
541 2414 730 2485 sanctumque
754 2406 845 2465 virum
869 2406 893 2464 si
916 2422 1024 2480 cerno,
1049 2402 1200 2466 bimembri

362 2488 426 2552 Hoc
447 2499 606 2551 monstrum
629 2507 722 2571 puero
743 2488 791 2551 vel
812 2489 949 2550 mirandis
972 2489 1026 2550 sub
1044 2499 1141 2550 aratro
1327 2497 1362 2552 65

362 2573 495 2639 Piscibus
515 2576 640 2637 inventis
658 2584 687 2637 et
705 2576 784 2636 fetae
807 2589 947 2653 comparo
970 2573 1077 2652 mulae,

363 2660 532 2736 Sollicitus,
555 2671 700 2740 tamquam
722 2659 836 2739 lapides
857 2658 992 2719 effuderit
1011 2658 1105 2720 imber

363 2743 554 2825 Examenque
577 2746 673 2824 apium
697 2744 784 2823 longa
808 2741 977 2804 consederit
999 2762 1054 2804 uva

365 2827 496 2891 culmine
518 2828 649 2905 delubri,
672 2838 815 2909 tamquam
838 2828 867 2887 in
888 2845 968 2888 mare
991 2827 1107 2889 duxerit
1130 2827 1220 2886 amnis

363 2912 531 2993 Gurgitibus
553 2913 634 2974 miris
657 2923 686 2974 et
708 2914 793 2974 lactis
816 2913 929 2973 uertice
952 2921 1078 2972 torrens.
1328 2914 1362 2973 io

404 2997 522 3060 Interce
545 3007 574 3060 ta
596 2999 700 3059 decem
722 2998 857 3078 quereris
877 2997 1013 3058 sestertia
1029 2996 1130 3057 iraude

363 3016 543 3161 saerilegad
562 3082 630 3163 qnid
652 3083 677 3141 si
701 3083 744 3142 bis
771 3091 885 3144 centum
910 3082 1035 3160 perdidit
1059 3082 1134 3142 alter

363 3166 427 3229 Hoc
449 3184 556 3228 arcana
578 3164 687 3227 modo?
707 3168 847 3229 maiorem
869 3167 973 3228 tertius
994 3166 1044 3228 illa

363 3252 524 3327 Summam,
548 3270 633 3332 quam
654 3252 771 3331 patulae
790 3253 840 3313 vix
864 3260 987 3331 ceperat
1006 3250 1129 3329 angulus
1151 3244 1261 3309 arcae‘l

364 3335 434 3398 'iam
457 3334 545 3397 facile
568 3344 598 3397 et
618 3353 741 3414 pronum
763 3346 808 3398 est
831 3353 958 3416 superos
980 3345 1171 3397 contemnere
1194 3340 1298 3405 testes,
1329 3335 1362 3393 ib

363 3422 395 3483 Si
414 3420 547 3483 mortalis
564 3421 642 3483 idem
666 3440 753 3482 nemo
772 3422 860 3484 sciat!
885 3420 1016 3499 Aspice,
1040 3427 1144 3500 quanta

341 3505 345 3510 ’
363 3507 448 3567 Voce
468 3514 576 3584 neget,
597 3525 673 3587 quae
695 3508 733 3566 sit
755 3507 813 3567 licti
836 3506 1000 3567 constantia
1021 3503 1135 3564 vultus:

364 3591 420 3652 Per
443 3590 522 3651 Solis
544 3590 642 3651 radios
666 3589 853 3671 Tarpeiaque
876 3590 994 3651 fulmina
1010 3589 1085 3648 iurat

364 3673 400 3736 lit
421 3673 523 3736 Martis
544 3675 684 3736 frameam
707 3685 736 3736 et
755 3673 889 3738 Girrbaei
911 3672 1023 3753 spicula
1046 3673 1139 3749 vatis,

365 3758 421 3821 l’er
444 3758 571 3819 calamos
592 3758 750 3820 venatricis
771 3759 998 3837 pharetramque
1021 3753 1150 3835 puellae,
1327 3762 1360 3815 so
