3434 4575
753 487 960 536 PRAEFATIO.
1285 490 1349 539 xm

372 666 401 726 p.
416 643 476 705 317
493 645 580 725 quasi
595 643 733 703 divmans
747 662 821 721 prae
836 663 884 703 me
898 644 969 716 tuli,
987 662 1067 702 nunc
1081 643 1262 722 ‘planissime
1279 665 1349 706 con·

371 729 519 788 firmatum
539 728 712 800 videamus,
735 725 884 806 quidquid
907 727 946 786 ad
962 727 1062 786 Persii
1084 727 1214 787 salutem
1234 729 1349 789 facisn-

372 811 442 871 dnm
461 821 571 885 restet,
591 810 799 871 multominus
823 810 864 869 ad
886 812 982 870 critici
1004 830 1094 891 quam
1116 811 1156 871 ad
1176 812 1349 892 interpretis

371 896 504 955 officium
528 897 691 975 pertinere.
732 894 897 973 Interpreti
916 896 995 955 enim
1021 915 1113 975 quum
1135 895 1248 956 multae
1270 896 1350 958 aliae

372 979 583 1052 difficultates,
607 998 686 1060 quae
709 974 816 1038 Persio
838 998 906 1037 cum
926 977 1035 1038 ceteris
1058 998 1132 1038 suae
1153 981 1262 1039 aetatis
1277 983 1348 1040 scri·

370 1063 506 1143 ptoribus
530 1071 561 1123 et
577 1064 677 1143 poetis
700 1080 871 1122 communes
893 1071 977 1135 sunt,
997 1071 1060 1121 tum
1081 1063 1159 1122 haec
1185 1064 1349 1143 peculiaris

371 1147 520 1225 objicitur,
529 1149 615 1225 cujus
623 1145 706 1205 haud
716 1146 779 1205 scio
798 1166 837 1205 an
847 1141 1152 1206 nnuminterveteres
1159 1147 1350 1208 Heraclitum

370 1231 537 1310 Ephesium
551 1222 603 1289 τὸν
618 1219 767 1289 σκοτεινὸν
782 1230 969 1309 appellatum
979 1229 1033 1289 ille
1047 1232 1197 1290 aemulum
1211 1230 1352 1292 habuerit

371 1313 423 1393 (cf.
439 1314 564 1374 Aristot.
579 1314 705 1373 Rhetor.
720 1313 779 1371 HI.
792 1313 821 1372 5.
835 1312 864 1386 6,
877 1313 996 1373 Theon.
1007 1313 1172 1393 Progymn.
1190 1313 1228 1372 14
1244 1323 1270 1383 §.
1288 1313 1350 1393 18),

370 1408 404 1456 ut
422 1399 536 1478 passim
553 1398 678 1477 ancipiti
701 1406 731 1457 et
753 1397 881 1457 obscura
897 1399 1140 1477 interpunctione
1159 1397 1293 1474 laboret;
1319 1400 1350 1458 in

371 1483 475 1542 critica
489 1502 563 1542 vero
579 1480 746 1541 factitando
762 1482 976 1559 conjectoriam
991 1501 1079 1561 opem
1095 1482 1148 1540 vix
1161 1502 1239 1541 nnus
1259 1484 1348 1542 alter·

372 1586 430 1646 qne
446 1567 532 1626 locus
548 1565 710 1638 desiderat,
725 1566 757 1623 in
770 1565 935 1625 lectionum
950 1574 1051 1624 autem
1066 1565 1225 1639 varietate,
1241 1569 1267 1626 si
1282 1567 1349 1647 quis

371 1668 446 1708 sana
462 1657 492 1709 et
505 1650 680 1729 incorrupta
689 1649 741 1707 via
750 1648 882 1723 incedat,
900 1658 961 1708 tam
971 1668 1040 1708 raro
1056 1649 1244 1723 haerebit,ut
1260 1671 1350 1732 quum

371 1742 441 1793 ante
463 1734 518 1793 hos
542 1733 701 1793 duodecim
728 1752 822 1791 annos
848 1752 905 1810 ego
927 1732 1119 1813 Jahniusque
1147 1754 1200 1793 suo
1221 1743 1349 1815 uterque

367 1816 482 1897 judicio
500 1816 595 1876 verba
610 1825 721 1896 poetae
743 1815 905 1876 emendare
923 1816 1060 1894 aggressi
1080 1836 1228 1891 essemus,
1243 1818 1349 1876 lieeta

372 1900 582 1960 diversissimis
602 1900 759 1979 principiis
781 1899 910 1979 profecti
936 1900 1202 1981 instrumentisque
1226 1920 1349 1980 prorsus

371 1984 438 2044 aliis
466 1985 514 2043 usi
538 1984 571 2043 in
592 1984 747 2064 plerisque
774 1982 814 2041 ad
837 1982 961 2043 easdem
979 1983 1127 2043 lectiones
1155 1984 1349 2057 deterremur,

370 2087 450 2127 nune
465 2077 579 2140 autem,
597 2076 757 2147 postquam
773 2075 803 2127 et
823 2065 846 2125 J
847 2066 936 2126 ahuio
951 2068 984 2126 in
1005 2066 1137 2127 editione
1154 2069 1268 2129 minore
1282 2088 1347 2129 mea

371 2160 402 2211 et
421 2152 495 2210 milri
517 2151 673 2211 Jahniana
691 2150 825 2210 subsidia
841 2160 963 2231 praesto
977 2151 1113 2224 fuerunt,
1129 2151 1248 2231 oppido.
1259 2153 1350 2231 pancl

372 2244 402 2296 et
412 2236 519 2295 minuti
529 2235 589 2295 loci
600 2244 730 2309 restent,
746 2236 777 2295 in
792 2235 901 2316 quibus
912 2234 984 2295 mihi
995 2235 1033 2295 ab
1047 2234 1100 2295 illo
1114 2234 1350 2296 dissentiendum

370 2321 469 2380 visum
489 2321 537 2379 sit.
575 2320 692 2379 Horum
715 2320 806 2398 igitur
830 2319 1055 2380 enumeratione
1078 2320 1148 2379 huic
1168 2321 1349 2400 praefationi

371 2404 462 2464 finem
474 2405 640 2483 imponam,
661 2405 704 2462 ita
721 2411 836 2477 tamen,
852 2413 899 2476 ut,
916 2423 955 2463 ne
973 2403 1039 2484 quis
1053 2423 1101 2463 me
1117 2412 1349 2465 commentorum

371 2507 505 2547 meorum
520 2488 705 2548 tenaciorem
721 2507 788 2547 esse
803 2489 970 2560 existimet,
988 2486 1076 2547 simul
1091 2507 1143 2547 eos
1158 2487 1349 2563 admisceam,

371 2572 403 2631 in
418 2571 527 2653 quibus
542 2591 624 2639 nuno
638 2571 703 2650 ipse
725 2569 839 2631 Jahnio
858 2580 981 2630 auctore
1004 2570 1042 2630 ab
1061 2571 1114 2646 iis,
1139 2592 1217 2652 quae
1238 2573 1270 2631 in
1289 2573 1348 2632 Le·

372 2653 520 2715 ctionibus
535 2655 691 2716 Persianis
706 2675 932 2735 proposueram,
950 2654 1084 2714 discessi.

454 2738 537 2798 Prol.
550 2740 772 2798 4Heliooniadas
786 2739 872 2798 Lect.
887 2739 945 2812 IH,
957 2760 987 2818 p.
1005 2735 1033 2811 2,
1048 2741 1225 2799 Heliconidas
1238 2740 1262 2800 J
1263 2741 1349 2817 ahn.;

372 2822 445 2881 mihi
458 2832 549 2902 poeta
567 2824 720 2902 epicorum
733 2843 874 2882 numeros
892 2822 1060 2900 dactylicos
1075 2825 1249 2902 respexisse
1264 2823 1348 2884 vide-

372 2914 430 2965 tur.
448 2940 491 2951 -
503 2907 542 2966 V.
559 2905 578 2966 9
595 2912 743 2981 picemque
758 2915 787 2966 et
807 2905 845 2965 12
865 2910 1001 2982 refulqeat
1020 2927 1046 2965 c.
1062 2905 1193 2983 Jahni03
1216 2909 1288 2967 olim
1301 2915 1349 2982 pi·

373 3007 472 3064 casque
489 2999 519 3050 et
533 2993 682 3065 refulserit.
706 3024 747 3034 -
769 2989 833 3050 Sat.
848 2991 874 3049 I.
897 2990 916 3051 6
938 3008 1086 3050 oxomense
1099 2992 1186 3051 Lect.
1206 2991 1247 3064 H,
1268 3012 1298 3070 p.
1321 2989 1349 3065 8,

373 3090 542 3150 examenque
555 3074 649 3133 Jahn.
666 3108 708 3118 -
723 3075 762 3134 V.
785 3072 803 3134 8
822 3078 859 3132 ah
875 3095 900 3134 c.
916 3074 1047 3151 Jahni03
1070 3075 1141 3134 olim
1155 3085 1192 3135 at.
1216 3108 1257 3118 —
1276 3076 1315 3134 V.
1330 3073 1349 3135 9

373 3166 444 3223 tanc,
457 3178 518 3217 non
531 3166 596 3230 tam,
609 3168 732 3239 propter
747 3160 937 3239 sequentium
950 3161 1222 3238 interpunctionem
1239 3157 1350 3217 dudum

373 3259 392 3298 a
407 3262 454 3301 me
472 3242 717 3316 commendatam,
729 3243 781 3302 ubi
795 3264 825 3302 v.
843 3242 877 3301 11
896 3253 960 3302 tanc
976 3244 1071 3302 nostri
1087 3243 1279 3322 epanalepsis
1294 3250 1355 3302 est.

372 3357 414 3370 -
426 3326 465 3386 V.
482 3325 519 3385 14
536 3330 609 3400 quod
622 3328 747 3403 retinui,
765 3327 788 3386 J
789 3328 896 3386 chnius
913 3347 980 3403 quo,
1004 3326 1085 3405 quod
1105 3326 1264 3384 manifesto
1285 3346 1349 3385 cor·

372 3409 482 3470 rectori
503 3408 643 3487 debetu13
667 3431 839 3491 quanquam
858 3412 939 3470 hune
955 3418 1082 3470 excusat
1096 3409 1187 3468 lectio
1206 3430 1236 3466 v.
1259 3408 1296 3468 17
1312 3409 1349 3469 ab

373 3512 408 3553 eo
423 3513 494 3553 rece
516 3501 548 3552 ta
562 3498 641 3570 loyes,
655 3496 708 3555 ubi
724 3516 776 3554 cur
792 3515 848 3573 ego
865 3499 955 3570 tepens
971 3493 1164 3565 servaverim,
1183 3491 1247 3551 dixi
1262 3494 1349 3553 Lect.

371 3576 413 3650 H,
428 3598 459 3657 p.
477 3515 525 3635 lli.
540 3612 582 3622 -
597 3579 634 3637 V.
648 3577 688 3639 32
703 3584 779 3638 eim
795 3600 820 3638 c.
837 3579 966 3653 Jahni03
984 3577 1055 3637 olim
1070 3581 1182 3634 circem.
1197 3610 1239 3621 -
1253 3577 1292 3637 V.
1310 3576 1350 3638 66

373 3663 487 3735 diripui,
502 3682 563 3721 non
579 3666 699 3738 dert'yat,
714 3683 782 3723 cum
801 3662 903 3722 Schol.
924 3670 955 3721 et
973 3661 1058 3720 libris
1081 3660 1228 3739 plurimis.
1249 3695 1291 3705 -
1309 3660 1349 3720 V.

375 3744 415 3802 74
429 3763 555 3819 wem...
567 3749 730 3805 dictaturam
744 3747 830 3806 Lect.
846 3747 887 3820 H,
903 3767 933 3825 p.
956 3743 1009 3820 203
1026 3753 1141 3804 vestem
1162 3744 1350 3804 dictatoriam

374 3830 537 3889 dictaturam
551 3830 688 3910 appellat
696 3829 873 3891 etiamPlin.
888 3830 928 3888 N.
939 3831 1020 3890 Hist.
1035 3827 1155 3889 XVIII.
1171 3827 1189 3888 3
1206 3837 1231 3898 s.
1244 3826 1294 3888 20.
1309 3861 1347 3872 -
