3434 4575
428 463 467 527 42
760 477 795 525 n.
812 477 883 526 ron.
902 477 1088 526 rnvunanrs

428 615 465 677 lta
485 618 701 695 xerampelinas
723 628 842 679 veteres
866 619 1017 679 donaverit
1041 619 1106 698 ipsi,

428 699 480 777 Ut,
504 702 641 780 quidquid
665 702 751 763 subiti
775 711 804 763 et
826 704 921 781 magni
943 703 1116 764 discriminis
1136 704 1233 779 instat,
1372 715 1422 770 oto

428 785 458 844 ln
481 786 592 846 tunicas
615 797 662 847 eat
686 798 714 847 et
737 797 826 847 totum
850 787 943 849 semel
968 789 1068 867 expiet
1090 805 1203 848 annum.

429 869 583 930 llibernum
604 870 696 932 fracta
718 871 815 949 glacie
838 871 1000 933 descendet
1022 873 1050 931 in
1072 891 1196 948 amnem,

427 952 485 1014 Ter
508 955 646 1016 matutino
672 954 770 1016 Tiberi
792 965 942 1034 mergetur
964 966 994 1017 et
1015 956 1087 1035 ipsis

428 1037 594 1098 verticibus
616 1040 745 1101 timidum
769 1050 857 1119 caput
883 1040 1000 1108 abluet:
1029 1040 1096 1101 inde
1121 1039 1249 1121 Superbi

427 1121 530 1183 Totum
551 1125 632 1201 regis
654 1143 755 1204 agrum
777 1125 851 1185 nuda
874 1142 910 1186 ac
933 1124 1122 1186 tremebunda
1145 1125 1273 1186 cruentis
1372 1135 1423 1190 oto

427 1206 538 1287 Erepet
559 1208 699 1286 genibus;
724 1210 750 1269 si
773 1209 895 1269 candida
918 1209 1036 1270 iusserit
1055 1208 1100 1285 lo,

426 1291 482 1351 lbit
504 1291 539 1351 ad
566 1292 694 1372 Aegypti
718 1293 803 1353 finem
827 1293 982 1372 calidaque
1005 1294 1111 1371 petitas

428 1377 453 1436 A
475 1373 579 1438 bleroe
603 1377 732 1457 portabit
752 1395 860 1457 aquas,
887 1386 917 1437 ut
939 1387 1061 1457 spargat
1083 1379 1110 1437 iu
1132 1377 1237 1436 oedem

427 1460 529 1537 lsidis,
553 1463 671 1540 antiquo
694 1478 769 1541 quae
792 1463 925 1541 proxima
949 1464 1041 1540 surgit
1064 1461 1142 1522 ovili.

428 1541 530 1604 Credit
554 1547 629 1606 euim
653 1547 745 1625 ipsius
767 1546 901 1607 dominae
927 1566 960 1607 se
983 1563 1059 1607 voce
1081 1547 1208 1606 moneri:
1374 1553 1424 1608 530

428 1627 471 1689 En
494 1629 616 1690 animam
639 1640 667 1691 et
689 1639 830 1707 mentem,
855 1648 997 1710 numqua
1021 1631 1049 1691 di
1073 1640 1159 1690 nocte
1184 1628 1354 1708 loquantur!

428 1711 507 1791 orgo
529 1713 577 1775 hic
600 1716 788 1794 praecipuum
812 1733 1008 1795 summumque
1031 1724 1159 1776 meretur
1179 1712 1334 1791 bonorem,

428 1796 483 1871 Qui
506 1816 601 1877 grege
626 1800 749 1878 linigero
773 1799 966 1862 circumdatus
984 1810 1013 1859 et
1036 1817 1130 1878 grege
1153 1797 1238 1858 calvo

428 1882 595 1960 Plangentis
619 1885 721 1964 populi
744 1887 833 1946 currit
856 1884 973 1946 derisor
995 1883 1115 1943 Anubis.

429 1964 483 2026 llle
506 1969 580 2047 petit
601 1970 731 2045 veniam,
756 1972 872 2049 quoties
894 1987 951 2030 non
976 1969 1101 2030 abstinet
1124 1985 1198 2028 uxor
1375 1974 1425 2029 535

429 2048 593 2113 Concubitu
614 2054 708 2115 saeris
731 2054 983 2134 observandisque
1010 2053 1124 2129 diebus,

430 2131 592 2217 blagnaque
616 2137 740 2199 debetur
760 2138 871 2200 violato
896 2155 991 2219 poeno
1016 2138 1153 2212 cadurco,

430 2219 466 2280 lit
488 2223 617 2283 movisse
641 2232 729 2303 eaput
751 2225 814 2284 visa
839 2233 885 2283 est
905 2231 1046 2303 argentea
1070 2239 1207 2300 serpens:

430 2304 508 2367 illius
534 2306 670 2369 lacrimae
693 2309 888 2388 meditataque
912 2326 1055 2369 murmura
1073 2314 1233 2387 praestant,

430 2388 467 2452 Ut'
489 2392 602 2451 veniam
626 2392 731 2471 culpae
754 2410 812 2453 uon
836 2394 958 2470 abnuat,
986 2410 1092 2454 ansere
1116 2406 1220 2468 magno

430 2475 551 2537 Scilicet
573 2485 603 2537 et
624 2477 702 2537 tenui
725 2494 842 2558 popano
865 2487 1037 2558 corruptus,
1064 2474 1166 2536 Osiris.

430 2559 524 2634 Quum
546 2560 625 2621 dedit
648 2560 699 2623 ille
722 2562 835 2624 locum:
864 2562 991 2642 cophino
1015 2561 1164 2640 ioenoque
1188 2558 1304 2634 relicto,

431 2645 574 2705 Arcenam
596 2644 703 2707 ludaea
724 2655 853 2709 tremens
876 2647 1022 2707 mendicat
1043 2645 1072 2705 in
1092 2661 1202 2718 aurem,

431 2728 579 2808 interpres
602 2729 700 2809 legum
723 2731 907 2808 Solymarum
933 2740 962 2791 et
985 2746 1088 2807 magna
1107 2727 1247 2789 sacerdos

433 2813 555 2873 Arboris
577 2830 613 2875 ac
637 2817 738 2876 summi
761 2816 819 2877 fida
844 2816 1018 2877 internuntia
1043 2812 1131 2874 coeli.

431 2895 537 2976 Implet
559 2907 588 2958 et
610 2897 660 2960 illa
683 2917 814 2977 manum,
836 2900 890 2962 sed
914 2901 1046 2981 parcius:
1068 2898 1259 2958 aereminuto

432 2980 661 3061 Qualiacumque
681 2984 766 3046 voles
789 2982 889 3047 ludaei
910 2985 1020 3045 somnia
1045 2981 1181 3042 venduut.

431 3065 564 3144 Spondet
588 3077 745 3129 amatorem
769 3077 902 3130 tenerum
924 3069 973 3130 vel
997 3067 1093 3128 divitis
1116 3065 1179 3126 orbi

432 3148 649 3212 Testamentum
670 3154 790 3232 iugens,
815 3153 929 3215 calidae
955 3152 1092 3232 pulmone
1115 3149 1268 3211 columbae

431 3234 585 3312 imolato,
610 3235 764 3298 Armenius
785 3239 833 3299 rel
858 3236 1072 3315 Commagenus
1097 3235 1261 3314 haruspex;

431 3319 556 3381 Pectora
580 3321 724 3401 pullorum
747 3322 911 3399 rimabitur,
935 3332 1002 3383 exta
1025 3320 1135 3396 catelli,

431 3404 579 3466 Interdum
601 3414 632 3467 et
655 3408 752 3487 pueri;
776 3407 882 3482 faciet,
910 3407 988 3486 quod
1012 3406 1127 3465 deierat
1151 3406 1226 3483 ipse.

433 3486 589 3551 chaldaeis
611 3492 665 3552 sed
688 3492 780 3553 maior
802 3493 857 3551 erit
881 3491 1001 3551 lidncia:
1026 3488 1163 3568 quidquid

433 3572 547 3635 Dixerit
569 3575 755 3655 astrologus,
783 3576 905 3636 credent
927 3594 943 3635 a
967 3575 1048 3634 fonte
1070 3573 1192 3633 relatum

433 3656 613 3736 Hammonis,
638 3662 773 3741 quoniam
797 3659 921 3738 Delphis
945 3658 1065 3718 oracula
1087 3667 1204 3718 cessant

434 3740 470 3801 lit
492 3761 585 3818 genus
608 3745 759 3808 humanum
782 3745 897 3807 damnat
920 3742 1017 3820 caligo
1042 3741 1138 3803 iuturi.

336 4033 431 4059 ῃ
