3434 4575
433 463 474 527 48
664 451 667 456 ’
738 519 740 523 ,
764 474 796 520 n.
816 472 887 522 rou.
905 473 1092 521 rovensem

434 616 489 691 Qui
512 615 595 676 locus
616 613 750 693 ingenio,
774 613 828 671 nisi
851 630 938 693 quum
961 632 994 673 se
1015 614 1142 674 carmine
1163 612 1230 675 solo

433 701 547 760 Vexant
570 708 599 757 et
621 699 743 759 dominis
768 694 890 757 Cirrhae
912 695 1070 778 Nysaeque
1094 699 1225 758 ieruntur

433 785 556 844 Pectora
580 792 695 859 vestra,
720 782 790 843 duas
812 799 870 842 non
894 783 1071 843 admittentia
1095 780 1202 843 curas?
1396 791 1429 848 ot

433 869 555 946 Magnae
578 868 680 927 mentis
702 884 775 946 opus
798 884 854 927 nec
876 865 914 926 de
937 866 1034 928 lodice
1056 868 1185 946 paranda

433 953 597 1026 Attonitae,
621 971 723 1012 currus
746 961 775 1011 et
797 969 891 1029 equos
912 950 1063 1030 faciesque
1086 952 1206 1012 deorum

433 1037 577 1116 hspicere
613 1046 643 1096 et
665 1036 759 1115 qualis
781 1035 916 1096 Rutulum
939 1036 1096 1096 conlundat
1119 1035 1235 1111 Erinys.

432 1120 504 1182 Nam
527 1121 552 1180 si
573 1120 706 1199 Vergilio
728 1138 801 1198 puer
823 1128 852 1180 et
871 1119 1027 1180 tolerabile
1050 1120 1172 1180 deesset

432 1205 609 1284 Hospitium,
634 1205 773 1264 caderent
797 1223 898 1263 omnes
922 1223 937 1263 a
963 1204 1089 1264 crinibus
1114 1203 1211 1279 hydri:
1396 1215 1430 1270 to

432 1291 524 1350 Surda
548 1289 617 1348 nihil
639 1298 773 1366 gemeret
788 1303 882 1367 grave
903 1288 1041 1355 buccina;
1068 1291 1232 1366 poscimus,
1257 1298 1287 1350 ut
1310 1291 1347 1349 sit

432 1374 496 1434 Non
519 1376 612 1433 minor
633 1374 750 1451 antiquo
773 1373 927 1433 Rubrenus
950 1371 1049 1451 Lappa
1074 1372 1227 1446 cothurno,

409 1456 521 1518 .Guius
545 1467 573 1517 et
595 1457 730 1516 alveolos
756 1467 785 1516 et
807 1457 919 1518 laenam
941 1456 1075 1535 pignerat
1098 1456 1229 1518 Atreus?

434 1543 496 1603 lion
520 1541 609 1602 habet
632 1541 733 1600 iuielix
755 1540 904 1616 Numitor,
929 1542 1007 1620 quod
1031 1543 1122 1601 mittat
1144 1543 1257 1603 amico:

433 1625 591 1702 Quintillae
611 1626 689 1704 quod
712 1626 818 1700 donet,
842 1625 946 1688 habet:
971 1645 1027 1686 neo
1050 1627 1141 1686 deluit
1160 1627 1212 1701 illi,
1398 1635 1430 1690 to

433 1712 515 1773 Unde
539 1720 650 1770 emeret
670 1710 756 1770 multa
781 1710 961 1788 pascendum
983 1729 1070 1771 carne
1092 1710 1208 1771 leonem

434 1796 490 1857 lam
513 1795 667 1856 domitum:
689 1805 803 1855 constat
825 1795 930 1854 leuiori
953 1794 1050 1856 bellua
1075 1805 1187 1874 sumptu

434 1880 585 1956 Nimirum,
610 1890 639 1940 et
659 1881 776 1958 capiunt
796 1880 863 1959 plus
885 1881 1018 1940 intestina
1042 1889 1159 1958 poetae.

320 1969 323 1971 ’
434 1965 593 2027 Contentus
617 1964 692 2023 lama
715 1966 811 2025 iaceat
834 1963 965 2024 Lucanus
988 1966 1015 2023 in
1038 1963 1131 2024 hortis

434 2050 621 2110 hlarmoreis:
646 2058 674 2107 at
695 2050 822 2108 Serrano
844 2050 982 2127 tenuique
1003 2048 1104 2108 Saleio
1399 2059 1433 2112 80

435 2135 532 2194 Gloria
556 2132 736 2213 quantalibet
758 2133 826 2212 quid
846 2134 916 2206 erit,
941 2134 966 2192 si
990 2132 1085 2209 gloria
1109 2141 1217 2192 tantum
1238 2132 1305 2193 est?

435 2218 564 2278 curritur
586 2217 621 2277 ad
643 2233 746 2276 vocem
768 2217 921 2277 iucundam
945 2226 973 2276 et
996 2235 1112 2276 carmen
1136 2218 1248 2277 amicae

435 2303 621 2376 Thebaidos,
644 2300 748 2361 laetam
771 2318 856 2377 quum
880 2300 950 2359 iecit
973 2304 1081 2361 Statius
1105 2301 1206 2362 urbem

437 2388 628 2465 Promisitque
649 2387 738 2446 diem:
762 2396 839 2446 tanta
863 2386 1018 2446 dulcedine
1042 2396 1145 2465 captos

437 2472 536 2531 hilicit
558 2471 608 2532 ille
631 2470 758 2544 animos,
781 2479 918 2550 tantaque
941 2470 1061 2531 libidine
1083 2470 1163 2548 vulgi

436 2556 572 2623 Auditur:
595 2556 649 2616 sed
671 2573 757 2634 quum
781 2555 870 2633 iregit
892 2554 1033 2616 subsellia
1054 2574 1154 2629 versu,

436 2639 551 2716 Esurit,
575 2641 709 2701 intactam
732 2639 826 2700 Paridi
848 2641 903 2699 nisi
925 2640 1023 2700 vendit
1045 2639 1177 2718 Agaven.

426 2725 489 2785 'tlte
513 2733 542 2785 et
561 2724 679 2785 militiae
701 2724 797 2785 multis
820 2724 942 2802 largitus
963 2724 1102 2784 honorem

437 2810 597 2868 Semenstri
621 2807 728 2887 digitos
752 2818 847 2869 vatum
873 2809 1055 2887 circumligat
1079 2827 1160 2869 auro.

437 2893 523 2966 Quod
545 2910 602 2951 non
626 2893 692 2952 dant
715 2911 876 2970 proceres,
899 2893 977 2954 dabit
999 2894 1117 2953 histrio:
1139 2902 1167 2951 tu
1189 2889 1360 2953 Camerinos
1399 2904 1433 2958 9⁰

439 2977 473 3037 Et
495 2976 632 3052 Baream,
656 2987 684 3035 tu
706 2977 845 3037 nobilium
867 2997 969 3057 magna
993 2980 1064 3038 atria
1088 2974 1195 3038 curas?

439 3061 607 3122 Praefectos
627 3060 757 3139 Pelopea
781 3061 866 3137 lacit,
892 3062 1052 3123 Philomela
1074 3061 1216 3122 tribunos.

438 3145 518 3206 Haud
540 3155 635 3205 tamen
658 3144 791 3205 invideas
812 3147 887 3222 vati,
911 3165 996 3225 quem
1020 3146 1128 3224 pulpita
1155 3155 1284 3223 pascunt.

439 3230 510 3304 Quis
532 3230 582 3289 tibi
597 3227 771 3304 Maecenas,
792 3232 855 3309 quis
881 3249 956 3291 nuno
980 3232 1034 3290 erit
1051 3240 1099 3291 aut
1122 3229 1293 3289 Proculeius

440 3315 496 3374 Aut
518 3311 644 3375 Fabius?
667 3314 730 3393 quis
755 3310 839 3374 Cotta
862 3318 981 3389 iterum,
1006 3317 1069 3395 quis
1092 3314 1229 3391 Lentulus
1251 3314 1347 3373 alteri
1398 3324 1432 3379 9⁶

438 3399 519 3459 l'unc
539 3417 592 3478 par
613 3399 731 3476 ingenio
754 3400 891 3478 pretium:
917 3409 985 3459 tuno
1008 3400 1079 3460 utile
1101 3399 1196 3458 multis

438 3483 554 3544 Pallene
577 3492 606 3543 et
628 3484 723 3543 vinum
744 3492 805 3543 toto
827 3485 944 3543 nescire
966 3482 1134 3544 Decembri.

480 3567 587 3628 Vester
608 3585 696 3646 porro
718 3566 801 3628 labor
823 3567 993 3640 fecundior,
1015 3566 1199 3629 historiarum

439 3650 630 3731 Scriptores?
653 3653 723 3730 petit
745 3652 792 3712 hic
815 3651 880 3729 plus
903 3652 1044 3729 temporis
1065 3661 1151 3730 atque
1174 3653 1232 3714 olei
1256 3654 1337 3733 priua,

440 3735 525 3797 Nullo
546 3738 655 3814 quippe
675 3737 762 3796 modo
785 3736 937 3804 millesima
959 3738 1064 3816 pagina
1086 3739 1179 3813 surgit
1383 3748 1434 3802 loo
