3434 4575
434 455 471 518 10
759 464 796 514 Ι).
818 463 891 514 tort.
913 461 1101 514 navarram

431 607 467 671 lit
488 616 604 670 contum
625 617 655 670 et
676 608 780 686 Stygio
801 625 888 668 ranas
910 606 939 666 iu
958 604 1076 685 gurgite
1095 605 1206 684 nigras,
1287 634 1291 639 ·
1373 614 1425 670 roo

432 695 528 775 Atque
554 713 608 754 una
630 694 753 754 transire
776 693 880 754 radam
902 699 946 752 tot
967 691 1045 751 milia
1075 690 1189 768 cymba,

431 780 495 840 Nec
514 781 596 858 pueri
621 777 753 851 credunt,
774 778 828 836 nisi
850 777 900 856 qui
918 776 1043 836 noudum
1065 794 1136 838 aare
1159 776 1299 837 lavantur.

431 865 489 923 Sed
513 874 542 923 tu
561 881 631 923 uera
655 873 736 941 puta:
760 859 866 922 Corios
888 861 956 941 quid
981 862 1068 921 sentit
1090 871 1121 922 et
1135 859 1221 921 ambo

430 948 603 1026 Scipiadae,
629 948 695 1026 quid
718 945 870 1007 Fabricius
891 963 1050 1024 manesque
1072 943 1199 1021 Camilli,

430 1031 505 1106 Quid
528 1029 688 1092 Cremerae
709 1031 789 1108 legio
811 1040 840 1090 et
864 1027 971 1090 Cannis
991 1041 1160 1109 consumpta
1182 1031 1327 1108 inuentos,
1378 1044 1425 1095 tao

431 1115 487 1176 'l'ot
508 1116 652 1176 bellorum
679 1117 808 1190 animae,
832 1116 950 1194 quoties
975 1113 1043 1174 lriuc
1064 1114 1131 1175 talis
1152 1115 1188 1175 ad
1212 1115 1280 1175 illos

431 1200 537 1262 Umbra
556 1197 655 1261 reniti
679 1208 820 1277 cuperent
839 1199 969 1272 lustrari,
994 1200 1018 1258 si
1037 1216 1092 1277 qua
1108 1199 1246 1259 darentur

430 1286 545 1346 Suliura
568 1304 632 1345 cum
661 1285 769 1357 taedis,
805 1291 836 1342 et
870 1285 894 1343 si
914 1283 992 1343 ioret
1014 1283 1128 1343 humida
1147 1283 1253 1344 laurus.

430 1368 521 1445 Illuc,
543 1367 618 1442 heu,
641 1368 739 1427 miseri
762 1366 952 1429 traducimur!
975 1367 1063 1428 Arma
1088 1367 1203 1447 quidem
1227 1368 1301 1428 ultra

431 1452 527 1513 Litora
549 1452 693 1513 lobernae
716 1453 914 1530 promovimus
936 1462 966 1512 et
988 1453 1075 1513 modo
1099 1462 1201 1531 captas
1379 1463 1427 1517 1611

432 1535 564 1597 Orcadas
585 1555 620 1597 ac
641 1538 754 1596 minima
777 1547 932 1598 contentos
955 1548 1042 1598 nocte
1066 1537 1233 1608 Britannos;

431 1622 490 1681 Sed
510 1640 586 1701 qnae
609 1640 685 1681 nunc
708 1621 807 1700 populi
828 1623 897 1682 bunt
919 1623 1040 1682 uictoris
1062 1624 1090 1682 in
1113 1622 1196 1697 orbe,

432 1705 496 1766 Non
518 1706 625 1765 iaciunt
648 1706 705 1780 illi,
730 1723 804 1784 quos
823 1708 955 1767 vicimus.
1001 1705 1038 1766 Et
1059 1716 1154 1766 tumen
1177 1725 1250 1766 unus

433 1790 588 1850 Armenius
611 1790 736 1851 Zalaces
760 1794 872 1851 cunctis
893 1801 1026 1851 narratur
1044 1792 1169 1870 ephebis

433 1873 549 1934 llollior
570 1876 683 1935 ardenti
704 1894 773 1935 sese
797 1876 954 1937 indulsisse
976 1877 1100 1936 tribuno.
1379 1883 1426 1937 165

434 1958 562 2038 Aspice,
583 1959 651 2039 quid
674 1959 782 2020 iaciant
805 1961 997 2021 commercia!
1019 1968 1142 2021 venerat
1163 1958 1268 2032 obses;

433 2042 486 2103 llic
505 2043 574 2103 dunt
596 2043 739 2104 homines.
785 2044 857 2105 Nam
881 2046 905 2104 si
927 2063 1007 2106 mora
1029 2045 1145 2124 longior
1167 2043 1267 2103 urbam

432 2126 553 2187 indulsit
574 2129 690 2207 pueris,
713 2144 771 2187 non
794 2148 928 2209 nmquam
952 2130 1048 2190 deerit
1070 2139 1196 2202 amator3

433 2210 579 2272 liittentur
598 2212 742 2289 braccae,
767 2213 898 2290 cultelli,
921 2214 1022 2290 irena,
1043 2213 1205 2294 flagellum:

432 2297 482 2356 Sic
505 2307 708 2377 praetextatos
729 2299 863 2360 referunt
883 2298 1024 2361 Artaxata
1043 2317 1151 2360 mores.
1379 2305 1428 2363 1711

766 2666 1097 2735 SATIRAIII.

435 2774 578 2875 Quamvis
598 2807 732 2882 digressu
753 2808 865 2867 veteris
888 2807 1027 2866 confusus
1049 2805 1144 2881 amici,

436 2887 531 2948 laudo
553 2899 665 2965 tamen,
689 2893 789 2950 vacuis
808 2892 886 2971 quod
911 2891 1011 2950 sedem
1034 2890 1126 2967 ligere
1150 2886 1247 2949 Gumis

436 2971 568 3033 Destinet
590 2985 677 3051 atque
700 2994 784 3035 unum
808 2976 905 3034 civem·
924 2975 1034 3034 donare
1056 2974 1199 3049 Sibyllae.

434 3056 520 3116 lanua
547 3058 678 3117 Bniarom
698 3068 743 3118 est
765 3068 795 3118 et
813 3069 925 3136 gratum
950 3059 1015 3119 litus
1037 3060 1151 3119 amoeni

434 3143 596 3212 Secessns3
620 3160 677 3220 ego
700 3142 747 3201 rel
772 3142 944 3218 Prochytam
969 3160 1119 3221 praepono
1142 3142 1284 3203 Suburae.
1400 3152 1430 3219 ⁸t

435 3224 505 3285 Nam
529 3225 596 3305 qnid
620 3235 675 3286 tam
697 3228 851 3301 miserum,
875 3236 931 3286 tam
955 3227 1047 3287 solum
1068 3228 1206 3303 vidimus,
1230 3235 1337 3286 utnon

434 3309 572 3370 Deterius
594 3311 699 3370 credas
721 3308 844 3371 horrere
869 3312 1017 3387 incendia,
1041 3312 1140 3390 lapsus

434 3392 590 3454 'sectorum
615 3393 749 3453 assiduos
771 3413 806 3454 ac
829 3395 908 3454 mille
933 3396 1063 3474 pericula
1088 3413 1196 3455 saevae

436 3476 522 3537 Urbis
544 3489 574 3538 et
597 3480 730 3557 Angusto
753 3480 911 3539 recitantes
933 3498 1032 3539 meuse
1057 3476 1183 3558 poetas?

435 3562 493 3620 Sed
514 3561 578 3622 dum
598 3572 658 3622 tota
681 3563 783 3623 domus
804 3563 875 3623 reda
900 3564 1083 3641 componitur
1104 3582 1170 3637 una,
1396 3572 1429 3625 lo

435 3645 567 3705 Substitit
591 3647 625 3707 ad
645 3657 765 3708 veteres
787 3666 873 3708 arcus
895 3648 1096 3727 madidamque
1120 3644 1278 3727 Capenam.

436 3726 505 3797 ilic,
528 3730 576 3788 ubi
596 3741 753 3793 nocturnae
777 3730 868 3793 Numa
892 3731 1085 3791 constituebat
1107 3732 1231 3803 amicae,
