3434 4575
292 325 357 390 ³04
615 329 660 391 Μ.
675 328 768 391 vni..
784 329 1018 392 MARTIALIS

728 531 894 594 LXXXIV.

376 641 556 720 Nolueram‚
578 641 750 722 Polytime,
771 650 840 704 tuos
855 642 976 706 violare
991 647 1154 731 capillos,

420 726 482 786 Sed
496 728 578 786 iuvat
594 727 654 786 hoc
667 729 812 807 precibus
828 747 878 787 me
893 730 1050 792 tribuisse
1066 735 1145 797 tuis.

380 809 466 870 'I'alis
481 829 567 889 eras,
590 810 681 870 modo
697 819 786 871 tonse
800 810 932 892 Pelops,
953 817 1144 898 positisque
1161 822 1275 883 nltebss

420 895 583 973 Crinibus,
604 901 639 954 ut
652 901 751 955 totum
765 915 877 975 sponsa
891 896 1018 958 videret
1032 903 1130 963 ebur.

737 1021 889 1085 LXXXV.

376 1134 601 1196 Paedloonibus
619 1156 653 1197 os
668 1135 756 1197 olere
774 1136 861 1197 dieis.

376 1220 444 1279 Hoc
461 1221 503 1298 si,
525 1222 605 1280 sicut
621 1223 684 1299 ais,
704 1220 851 1297 Fabulle,
873 1238 979 1280 verum
996 1227 1069 1302 eat,

376 1302 458 1379 Quid
471 1312 505 1363 tu
520 1303 622 1364 credis
637 1303 725 1364 olere
740 1304 946 1384 ounniIingisI

728 1437 897 1506 LXXXIII.

376 1546 519 1626 TrigInta
533 1547 591 1608 tibi
605 1555 676 1608 sunt
689 1549 779 1628 pueri
791 1548 985 1628 totIdemque
1000 1550 1153 1629 puellae:

416 1632 484 1692 Una
499 1638 563 1711 est,
582 1651 641 1692 neo
658 1633 756 1712 surgit
769 1629 915 1693 mentula.
944 1633 1027 1709 Quid
1041 1636 1175 1701 facies?

718 1765 897 1828 LXXXVII.

374 1881 427 1939 Bis
443 1881 534 1942 Cotta
549 1879 650 1942 soleas
663 1878 839 1960 perdidisse
854 1897 889 1939 se
904 1888 1051 1961 questus,

375 1965 453 2025 Dum
465 1965 676 2045 negligentem
692 1964 778 2024 ducit
792 1962 831 2023 ad
844 1962 942 2043 pedes
955 1983 1110 2048 vernam,

376 2049 436 2124 Qui
450 2049 533 2109 solus
542 2050 627 2127 inopi
641 2053 739 2107 restat
754 2054 787 2107 et
800 2048 877 2108 facit
889 2049 1029 2128 turbam,

373 2132 566 2208 Excogitavit
578 2133 669 2189 homo
685 2149 775 2206 sagax
789 2139 822 2190 et
836 2139 969 2207 astutus,

353 2215 422 2275 5Ne
436 2214 542 2272 facere
554 2219 661 2292 posset
673 2213 735 2272 tole
751 2215 873 2294 saepius
888 2215 1046 2277 damnum:

374 2296 566 2357 Excalciatus
582 2297 629 2357 ire
644 2299 748 2378 eoePIt
762 2297 801 2357 ad
816 2319 931 2361 cenam.

714 2432 906 2497 LXXXVIII.

375 2526 576 2606 Tongilianus
593 2531 688 2591 habet
700 2551 822 2590 nasum:
845 2532 926 2610 soio,
947 2550 1011 2590 non
1024 2552 1125 2614 nego.
1165 2538 1236 2603 Sao
1249 2543 1298 2603 iarn

415 2611 468 2674 Nil
481 2622 608 2695 praeter
621 2635 727 2675 nasum
743 2615 943 2692 Tongilianus
957 2616 1065 2681 habet.

729 2742 893 2805 LXXXIX.

375 2833 465 2910 Quod
476 2831 546 2892 lana
559 2842 652 2914 eaput
666 2834 789 2917 alligas,
813 2840 964 2916 Charine,

373 2918 445 2982 Non,
457 2935 546 2976 aures
561 2919 635 2996 tibi,
657 2922 715 2981 sed
730 2921 840 2982 dolent
858 2922 969 3004 capilli.

768 3050 834 3111 XC.
953 3061 955 3070 ⁴

373 3143 436 3201 Pro
451 3161 542 3222 sene,
565 3144 621 3204 sed
637 3143 737 3225 clare,
757 3153 862 3207 votum
875 3147 963 3207 Maro
978 3146 1058 3207 feeit
1073 3156 1201 3232 amieo,

417 3225 475 3285 Cui
490 3229 589 3305 gravis
604 3234 637 3288 et
650 3230 775 3290 fervens
788 3230 1002 3290 hemitritaeus
1016 3240 1108 3313 erat,

375 3308 408 3368 Si
424 3310 545 3390 Stygias
560 3331 653 3391 aeger
666 3333 728 3373 non
744 3322 828 3373 esset
841 3316 952 3374 missus
966 3311 1005 3372 ad
1019 3318 1173 3405 umbras,

414 3394 458 3454 Ut
473 3395 601 3456 caderet
617 3416 726 3476 magno
741 3398 864 3458 victima
879 3404 965 3476 grata
978 3397 1052 3464 Iovi.

352 3477 556 3558 ocoeperunt
569 3487 685 3541 certam
700 3479 813 3541 medici
827 3481 982 3560 spondere
997 3480 1149 3555 salutem.

414 3563 461 3623 Ne
475 3570 578 3624 votum
593 3562 708 3644 solvat,
728 3584 810 3624 nuno
824 3564 915 3625 Maro
929 3571 1000 3625 voto
1016 3565 1105 3634 facit.
