3434 4575
603 454 942 518 EPIGRAMMATON
960 455 1089 520 Lluuu.

411 610 463 672 Sic
477 610 573 670 miser
588 609 740 668 instantes
756 606 867 666 affatus
880 604 994 667 dieitur
1009 605 1122 666 undas:

451 693 596 774 „Parcite
611 690 684 752 dum
697 709 850 772 propero,
871 691 1003 768 mergite
1017 709 1085 750 omn
1098 688 1228 751 redeo.“

792 824 902 886 xxvi.

408 941 496 1002 Lusit
510 938 680 1002 Nereidum
693 936 803 1004 docilis
819 938 933 999 chorus
946 955 1082 1016 aequore
1096 944 1163 1000 toto

448 1026 490 1085 Et
503 1026 587 1086 vario
598 1021 707 1084 faciles
718 1020 828 1082 ordine
843 1022 943 1101 pinxit
957 1040 1060 1100 aquas.

405 1108 540 1169 Fuscina
554 1108 650 1168 dente
665 1107 766 1167 minax
779 1111 867 1166 recto
883 1105 959 1183 fuit,
973 1124 1086 1166 ancora
1100 1124 1210 1168 eurvo:

449 1190 646 1252 Credidimus
660 1206 779 1250 remum
793 1186 1045 1268 credidimusque
1057 1196 1172 1270 ratem,

382 1276 449 1337 aut
462 1281 582 1354 gratum
595 1275 696 1335 nautis
710 1271 795 1334 aidus
806 1271 929 1351 fulgere
943 1272 1098 1334 Laeonum

446 1358 584 1439 Lataque
595 1359 761 1439 perspicuo
774 1354 844 1417 vela
856 1361 979 1417 tumere
994 1358 1071 1418 sinu.

406 1443 481 1518 Quis
496 1449 598 1503 tantas
610 1439 738 1522 liquidis
751 1446 835 1501 artes
850 1441 968 1502 invenit
980 1441 1013 1500 in
1024 1439 1139 1502 undiu‘.l

446 1527 510 1586 Aut
524 1527 630 1587 docuit
643 1526 728 1586 Ιιιιιιι
743 1526 800 1585 hos
813 1524 926 1606 'l'hetIs
941 1530 993 1585 aut
1005 1523 1122 1586 didicit.

781 1654 904 1721 XXVII.

405 1768 534 1830 Saecula
546 1760 800 1849 Carpophorum,
823 1768 956 1847 Caesar,
976 1771 1005 1831 si
1020 1772 1124 1850 prisea
1137 1768 1301 1855 tulissent,

446 1849 520 1914 Nora
535 1853 635 1913 aleret
649 1870 762 1912 saevas
776 1852 908 1912 barbara
922 1858 1008 1912 terra
1021 1853 1123 1930 feras,

404 1938 471 1998 Non
485 1936 652 1998 Marathon
666 1940 802 2011 taurum,
819 1934 936 1996 Nemee
948 1934 1096 1996 frondosa
1108 1934 1249 2015 leonem,
1327 1975 1330 1983 ·
1369 1976 1371 1981 -

444 2021 542 2080 Arcas
556 2017 745 2079 Maenalium
758 2037 821 2078 uon
834 2020 992 2079 timuisset
1005 2039 1121 2100 aprum.

381 2103 475 2166 ailoe
487 2107 624 2175 armante
638 2120 744 2162 manus
756 2099 875 2182 hydrae
886 2119 969 2162 mors
982 2122 1042 2164 uua
1051 2103 1179 2181 fuisset,

445 2188 526 2246 Huio
539 2204 687 2267 pereussa
696 2185 782 2246 foret
796 2190 863 2247 tota
878 2186 1042 2246 Chimaera
1054 2183 1159 2248 semel.

403 2269 554 2349 lgoiieros
566 2265 666 2351 pos'sit
679 2270 747 2330 sine
761 2266 914 2331 Colchide
926 2272 1056 2351 iungere
1067 2279 1189 2349 tauros,

444 2355 550 2415 Possit
563 2360 725 2433 utramque
740 2355 837 2415 ieram
850 2355 977 2416 sineere
989 2353 1165 2436 Pasiphads.

403 2438 437 2499 Si
452 2440 510 2517 sit,
531 2445 566 2498 ut
579 2440 727 2517 aequorei
741 2444 907 2499 revocetur
921 2437 1025 2500 fabula
1039 2440 1185 2517 monstri,

360 2534 395 2586 io
442 2523 603 2582 Hesionen
617 2518 718 2582 solvet
729 2521 813 2584 solus
827 2529 860 2583 et
874 2521 1104 2586 Andromedan.
1168 2558 1172 2565 ·

402 2606 578 2668 Herculeae
589 2604 689 2665 laudis
701 2612 883 2667 numeretur
897 2605 1011 2685 gloria:
1032 2605 1101 2688 plur
1118 2614 1166 2669 est

443 2690 496 2749 Bis
510 2687 604 2751 denas
618 2691 737 2769 pariter
751 2687 965 2771 perdomuisse
980 2689 1073 2753 feras.

766 2822 902 2884 XXVIII·
963 2855 965 2859 ⁷

401 2938 532 3015 Augusti
546 2933 636 2998 labor
647 2937 699 2996 hie
712 2936 816 2997 fuerat
828 2936 1025 2997 committere
1037 2933 1153 2997 classes

444 3021 486 3081 Et
496 3020 578 3079 ireta
589 3018 688 3080 navali
699 3018 869 3080 sollicitare
883 3020 967 3084 tuba.

404 3103 545 3163 Caesaris
560 3104 637 3163 haec
650 3106 749 3164 nostri
762 3122 835 3184 pars
850 3108 900 3163 est
912 3103 1029 3183 quota‘.l
1043 3103 1120 3165 vidit
1135 3105 1167 3164 in
1183 3103 1273 3166 undis

443 3187 485 3246 Ει
499 3186 611 3247 Thetis
626 3187 747 3266 ignotas
759 3192 793 3247 et
804 3185 934 3249 Galatea
945 3188 1048 3263 ferna3

380 3268 493 3332 5Vidit
506 3271 540 3330 in
553 3289 707 3350 aequoreo
719 3271 879 3332 ferventes
892 3268 1022 3351 pulvere
1038 3290 1146 3332 eurrus

443 3355 486 3415 Et
500 3352 616 3413 domini
631 3354 744 3415 Triton
756 3356 819 3417 isse
829 3355 949 3435 putavit
961 3373 1073 3434 equos:

400 3436 542 3516 Dumque
555 3444 643 3519 parat
659 3438 889 3499 saevientibus
904 3439 972 3498 iera
986 3436 1105 3519 praelia
1118 3436 1256 3516 Nereus,
1366 3507 1371 3515 ,

443 3521 576 3583 Horruit
589 3522 623 3581 iu
636 3521 762 3601 liquidis
776 3523 824 3582 ire
838 3520 988 3603 pedester
1002 3523 1098 3599 aquis.

402 3602 561 3685 Quidquid
575 3611 608 3665 et
621 3606 653 3665 in
668 3606 761 3667 Circo
776 3612 934 3686 spectatur
950 3612 983 3666 et
997 3604 1250 3685 Amphitheatro,

361 3698 394 3750 10
441 3686 535 3749 Dives
552 3688 704 3751 Caesarea
717 3692 875 3770 praestitit
888 3687 970 3749 unda
984 3690 1052 3752 tibi.

1349 456 1368 522 7
