3434 4575
442 487 481 546 24
766 497 802 544 9.
824 496 897 546 Illbl.
921 494 1109 544 menate

442 640 516 701 l'ota
537 637 689 699 salutatrix
711 637 766 697 iam
789 636 872 699 turba
894 639 1045 717 peregerit
1067 634 1168 696 orbem

441 722 592 786 Sideribus
615 721 708 782 dubiis
733 732 781 783 aut
802 722 854 784 illo
878 731 1028 802 tempore,
1052 737 1167 801 quoae

441 804 558 886 drigida
580 806 780 886 circumagunt
802 809 878 886 pigri
903 825 1022 869 serraca
1045 805 1167 866 Bootae.

442 892 543 968 Qualis
566 907 659 952 coena
682 888 798 952 tamen?
815 894 929 968 vinum,
956 891 1035 973 quod
1058 889 1177 950 succida
1200 890 1272 950 nolit

441 975 612 1054 lampati:
635 973 672 1036 de
693 977 816 1037 conviva
835 974 1002 1052 Corybanta
1025 973 1149 1035 videbis.

441 1061 537 1139 lurgia
558 1059 728 1139 proludunt:
752 1062 805 1121 sed
828 1078 896 1121 mox
920 1070 950 1122 et
972 1058 1080 1141 poeula
1102 1068 1223 1138 torques

441 1145 564 1207 Saucius
589 1153 619 1204 et
640 1144 726 1206 rubra
747 1145 1029 1224 deterges-vulnera
1050 1161 1166 1221 mappa,

441 1230 519 1291 luter
540 1246 594 1289 vos
617 1231 733 1309 quoties
755 1229 983 1309 libertorumque
1006 1228 1158 1290 cohortem

441 1314 538 1393 Pugna
560 1314 718 1392 Saguntina
740 1314 837 1374 fervet
859 1317 1014 1375 commissa
1036 1313 1150 1392 lagona.

440 1398 509 1478 lpse
532 1396 670 1477 capillato
693 1397 826 1458 didnsom
848 1398 971 1460 consule
993 1406 1076 1477 potat

442 1481 648 1560 calcatamque
672 1492 752 1542 tenet
774 1482 862 1543 bellis
885 1483 1044 1545 socialibus
1066 1499 1161 1556 uvam,

441 1566 583 1628 Gordiano
606 1584 757 1646 numquam
781 1566 916 1643 cyathum
938 1569 1078 1629 missurus
1100 1567 1211 1633 amico:

441 1650 514 1712 Cras
537 1649 618 1710 bibet
640 1649 760 1712 Albanis
781 1651 889 1731 aliquid
913 1651 950 1712 de
972 1650 1116 1712 montibus
1141 1659 1190 1710 aut
1212 1648 1250 1709 de

440 1735 566 1811 Setinis,
590 1735 671 1794 cuius
694 1737 814 1814 patriam
835 1737 1006 1816 titulumque
1028 1744 1165 1796 senectus

441 1817 558 1880 Delevit
577 1818 666 1879 multa
689 1821 798 1880 veteris
821 1820 943 1899 iuligine
966 1830 1072 1896 testae,

440 1903 533 1979 Quale
558 1905 688 1964 coronati
711 1902 840 1964 Thrasea
863 1905 1074 1984 Helvidiusque
1096 1902 1234 1962 bibebant

439 1984 589 2049 Brutorum
612 1997 642 2048 et
664 1985 748 2048 Cassi
770 1988 922 2050 natalibus.
968 1988 1036 2068 lpse
1060 2005 1187 2066 capaces

438 2071 588 2133 Heliadum
611 2081 724 2132 crustas
746 2083 775 2132 et
795 2073 966 2153 inaequales
989 2073 1104 2148 beryllo

438 2156 525 2216 Virro
546 2165 632 2217 tenet>
648 2155 774 2234 phialas:
800 2157 851 2217 tibi
874 2175 930 2216 uun
956 2158 1140 2218 committitur
1162 2173 1276 2223 aurum:

437 2240 510 2319 Vel,
533 2241 559 2301 si
584 2240 699 2322 quando
719 2239 818 2320 dator,
842 2250 942 2302 eustos
963 2242 1068 2303 allinus
1088 2239 1205 2316 ibidem,

438 2325 645 2401 connumeret
667 2344 814 2405 gemmas,
839 2344 952 2405 ungues
975 2326 1115 2387 observet
1136 2335 1248 2386 acutos.

439 2410 480 2471 lla
503 2412 634 2471 veniam:
659 2412 811 2490 praeclara
832 2411 875 2472 illi
897 2410 1030 2472 landatur
1053 2411 1152 2490 iaspis.

438 2493 507 2554 Nam
533 2495 638 2571 Virro,
662 2506 692 2555 ut
713 2496 810 2573 multi,
831 2514 962 2575 gemmas
984 2497 1019 2559 ad
1042 2494 1149 2575 poeula
1171 2495 1308 2555 transfert

438 2579 461 2638 Α
485 2578 599 2657 digitis,
624 2596 695 2659 quas
718 2581 746 2640 in
767 2581 890 2658 vaginae
914 2581 1010 2642 ironte
1033 2579 1149 2642 solebat

438 2663 550 2723 Ponere
572 2663 712 2743 zelotypo
735 2666 846 2725 iuvenis
872 2665 1020 2743 praelatus
1039 2661 1159 2725 larbae:

436 2747 478 2807 lo
502 2748 698 2808 Beneventani
719 2750 827 2809 sotoris
850 2766 955 2810 nomen
976 2749 1130 2811 habentem

435 2831 568 2893 Siccabis
593 2832 714 2893 calicem
736 2850 871 2894 nasorum
895 2845 1030 2914 quattuor
1054 2852 1090 2896 ac
1113 2835 1169 2894 iam

436 2915 610 2988 Quassatam
634 2926 663 2976 et
685 2926 770 2996 rupto
793 2928 965 2996 poscentem
989 2918 1100 2979 sollnra
1123 2920 1208 2977 vitro.

317 3008 320 3021 ·
435 3000 466 3059 Si
489 3000 655 3061 stomachus
678 3000 784 3062 domini
807 3002 903 3063 lervet
923 3005 1051 3081 vinoque
1075 3000 1213 3079 ciboque,

435 3082 580 3162 Frigidior
601 3084 710 3147 Geticis
734 3087 843 3166 petitur
865 3086 988 3148 decocta
1011 3087 1136 3165 pruinis:

435 3166 499 3228 Non
520 3168 622 3230 eadem
644 3170 729 3231 vobis
751 3173 819 3250 poni
840 3170 928 3231 modo
950 3173 1015 3231 vina
1028 3165 1194 3249 querebar?

436 3252 497 3312 Vos
521 3253 605 3315 aliam
623 3257 731 3333 potatis
756 3274 869 3335 aquarn.
915 3253 979 3315 Tibi
1002 3254 1109 3334 pocula
1129 3270 1231 3314 cursor

435 3335 573 3398 Gaetulus
596 3337 675 3399 dabit
697 3348 745 3399 aut
766 3340 841 3418 nigri
864 3356 963 3400 manus
987 3356 1074 3399 ossea
1095 3336 1198 3411 Mauri,

435 3419 472 3481 Et
494 3422 541 3482 cui
564 3440 618 3501 per
639 3424 762 3483 mediam
785 3424 861 3484 nolis
885 3440 1044 3484 occurrere
1064 3432 1191 3499 noctem,

435 3502 573 3567 clivosae
595 3505 713 3568 veheris
734 3506 799 3567 duru
822 3526 877 3586 per
898 3518 1080 3570 monumenta
1103 3506 1235 3569 Latinae:

435 3587 504 3651 llos
528 3590 619 3652 Asiae
641 3601 707 3651 ante
726 3593 835 3669 ipsum,
857 3593 953 3670 pretio
976 3594 1086 3654 ruaiore
1110 3603 1238 3671 paratus,

433 3671 526 3747 Quam
547 3675 600 3735 init
622 3684 652 3735 et
674 3675 750 3736 tuto
777 3694 883 3736 census
905 3680 1048 3756 pugnacis
1071 3686 1100 3738 et
1121 3677 1195 3738 Auci

434 3753 486 3831 llt,
509 3776 547 3821 ue
568 3768 598 3820 te
623 3767 753 3828 teneam,
777 3759 970 3823 homanorum
993 3764 1088 3824 omnia
1110 3781 1210 3839 regum

1392 3518 1423 3570 bb
