3434 4575
580 472 924 536 EPIGRAMMATON
936 474 1011 540 LIB.
1029 473 1065 534 11.
1305 475 1347 540 ab

387 627 465 687 Esse
480 630 527 685 sat
540 631 590 686 est
603 643 742 704 servum,
764 627 825 686 ism
839 624 911 686 uolo
925 627 1057 687 vicarius
1074 645 1153 689 esse.

428 710 488 786 Qui
502 727 558 770 rex
572 715 637 788 est,
659 728 783 788 regem,
804 709 957 791 Maxime,
977 729 1041 770 uon
1054 711 1178 773 habeat.

786 857 867 922 XIX.

367 967 528 1032 0Felicem
541 970 612 1029 lieri
630 967 733 1029 credis
748 987 814 1048 me,
836 966 946 1048 Zoile,
967 988 1058 1029 cena:

426 1052 568 1115 Felicem
583 1072 675 1132 cena,
697 1053 809 1115 Zoile‘!
839 1052 953 1113 deiude
968 1054 1044 1114 tua?

387 1139 490 1199 Debet
503 1138 631 1198 Aricino
647 1138 772 1197 conviva
786 1140 969 1199 recumbere
985 1136 1081 1216 clivo,
1106 1162 1112 1172 ·

428 1222 527 1299 Quem
542 1228 597 1283 tua
609 1219 753 1300 felicem,
771 1218 880 1300 Zoile,
902 1240 979 1282 cena
992 1222 1077 1285 facit.

789 1368 857 1430 XX.

386 1481 530 1541 carmina
543 1477 658 1542 Paulus
672 1483 764 1559 emit,
785 1481 900 1540 recitet
915 1499 969 1539 ιιιι
984 1482 1119 1543 carmina
1132 1481 1254 1547 Paulus.

427 1565 504 1625 Nam
518 1563 602 1645 quod
616 1583 716 1644 emas,
737 1565 839 1645 possis
852 1563 923 1624 lure
938 1582 1050 1627 vocare
1065 1572 1160 1633 tuum.

787 1711 859 1773 XXI

385 1826 476 1886 Basia
490 1825 544 1886 das
557 1823 642 1904 aliis,
664 1822 734 1885 aliis
750 1822 821 1904 das,
843 1825 1008 1904 Postume,
1031 1826 1181 1889 dextrum.

427 1910 512 1970 Dicis
527 1910 661 1989 „Utrum
678 1909 796 1969 maris?
818 1905 943 2012 eligef‘,
965 1909 1050 1972 Malo
1064 1931 1194 1974 manum.

784 2071 877 2132 xxii.

386 2181 467 2261 Quid
482 2184 558 2243 mihi
572 2183 728 2244 vobiscum
744 2190 809 2263 est,
831 2205 849 2246 o
863 2183 993 2248 Phoebe
1011 2203 1184 2265 novemque
1198 2206 1323 2249 sorores

427 2267 510 2330 Eece
527 2273 622 2329 nocet
635 2269 696 2329 vati
711 2267 802 2330 Musa
815 2270 922 2331 iocosa
936 2289 1001 2331 suo.

385 2351 519 2412 Dimidio
533 2353 624 2413 nobis
642 2351 717 2413 dare
730 2351 895 2415 Postumus
910 2359 982 2415 aute
996 2350 1118 2416 solebat

418 2436 531 2515 Basia,
552 2455 634 2496 nunc
650 2433 737 2496 labro
754 2439 858 2519 coepit
872 2445 1007 2518 utroque
1022 2436 1107 2500 dare.

768 2599 876 2666 xxm.

384 2709 455 2769 Non
472 2707 588 2789 dicum,
609 2707 687 2772 lieet
699 2732 798 2793 usque
814 2734 864 2775 me
878 2717 1012 2797 rogetis,

385 2793 461 2870 Quis
477 2795 518 2853 sit
529 2793 694 2856 Postumus
709 2797 743 2856 iu
755 2816 826 2858 meo
839 2797 967 2878 libello,

383 2876 454 2937 Non
470 2874 584 2939 dicam:
608 2878 683 2958 quid
698 2882 782 2941 enim
795 2883 872 2943 mihi
888 2902 1020 2946 necesse
1033 2891 1083 2947 est

385 2961 450 3021 Has
465 2961 627 3023 offendere
641 2965 846 3045 basiationes,

361 3045 475 3122 5Quae
490 3064 523 3107 se
541 3052 603 3106 tom
617 3048 699 3108 bene
712 3049 872 3111 vindicare
885 3052 1038 3132 possunt?

769 3198 879 3262 XXIV.

387 3306 420 3367 Si
436 3305 491 3368 det
503 3308 611 3388 iniqua
623 3310 683 3372 tibi
697 3312 819 3372 tristem
835 3312 961 3373 fortuna
974 3319 1108 3395 reatum,

429 3390 594 3471 Squalidus
608 3393 745 3455 haerebo
760 3393 970 3478 pallidiorque
983 3417 1058 3460 reos
1153 3437 1157 3442 -

386 3474 420 3535 Si
434 3475 541 3536 iubeat
553 3478 655 3557 patria
669 3475 843 3542 damnatum
859 3479 1014 3543 excedere
1030 3490 1130 3561 terra,

428 3556 492 3619 Per
507 3561 605 3641 freta,
626 3581 685 3643 per
699 3564 842 3644 scopulos
856 3566 955 3629 exulis
969 3568 1021 3629 ibo
1038 3586 1150 3633 comes.
1229 3591 1235 3602 ·

360 3642 445 3705 dDat
459 3644 518 3704 tibi
534 3643 664 3709 divitias.
694 3648 843 3728 „Ecquid
851 3657 924 3711 suut
937 3653 998 3713 isto
1012 3650 1187 3712 duorum⁴3“

426 3726 489 3792 Ilus
504 3730 648 3809 purtem'.²
672 3730 831 3810 „Multum
844 3734 926 3794 est.“
962 3734 1118 3816 candide,
1139 3736 1193 3796 das
1208 3732 1346 3815 aliquid?
