<?xml version="1.0" encoding="UTF-8"?>
<!DOCTYPE html PUBLIC "-//W3C//DTD XHTML 1.0 Transitional//EN"
    "http://www.w3.org/TR/xhtml1/DTD/xhtml1-transitional.dtd">
<html xmlns="http://www.w3.org/1999/xhtml" xml:lang="en" lang="en">
 <head>
  <title>
</title>
<meta http-equiv="Content-Type" content="text/html;charset=utf-8" />
  <meta name='ocr-system' content='tesseract 3.04.00' />
  <meta name='ocr-capabilities' content='ocr_page ocr_carea ocr_par ocr_line ocrx_word'/>
</head>
<body>
  <div class='ocr_page' id='page_1' title='image "./satirarumlibriq00juvegoog_0048.png"; bbox 0 0 3434 4575; ppageno 0'>
   <div class='ocr_carea' id='block_1_1' title="bbox 435 445 1098 509">
    <p class='ocr_par' dir='ltr' id='par_1_1' title="bbox 435 445 1098 509">
     <span class='ocr_line' id='line_1_1' title="bbox 435 445 1098 509; baseline -0.012 0"><span class='ocrx_word' id='word_1_1' title='bbox 435 445 470 509; x_wconf 78' lang='lat'><strong>12</strong></span> <span class='ocrx_word' id='word_1_2' title='bbox 756 455 792 505; x_wconf 84' lang='lat' dir='ltr'><strong>n.</strong></span> <span class='ocrx_word' id='word_1_3' title='bbox 815 451 887 504; x_wconf 85' lang='lat' dir='ltr'><strong>1tm.</strong></span> <span class='ocrx_word' id='word_1_4' title='bbox 910 451 1098 503; x_wconf 71' lang='lat' dir='ltr'><strong>mannans</strong></span> 
     </span>
    </p>
   </div>
   <div class='ocr_carea' id='block_1_2' title="bbox 429 595 1450 3382">
    <p class='ocr_par' dir='ltr' id='par_1_2' title="bbox 429 595 1420 1185">
     <span class='ocr_line' id='line_1_2' title="bbox 431 595 1239 676; baseline -0.007 -16"><span class='ocrx_word' id='word_1_5' title='bbox 431 600 476 661; x_wconf 76' lang='lat' dir='ltr'><strong>Nil</strong></span> <span class='ocrx_word' id='word_1_6' title='bbox 498 600 549 659; x_wconf 93' lang='lat' dir='ltr'><strong>tibi</strong></span> <span class='ocrx_word' id='word_1_7' title='bbox 571 617 603 659; x_wconf 89' lang='lat' dir='ltr'><strong>se</strong></span> <span class='ocrx_word' id='word_1_8' title='bbox 625 597 737 659; x_wconf 87' lang='lat' dir='ltr'><strong>debere</strong></span> <span class='ocrx_word' id='word_1_9' title='bbox 759 606 858 676; x_wconf 90' lang='lat' dir='ltr'><strong>putat,</strong></span> <span class='ocrx_word' id='word_1_10' title='bbox 881 595 920 657; x_wconf 92' lang='lat' dir='ltr'><strong>nil</strong></span> <span class='ocrx_word' id='word_1_11' title='bbox 945 596 1077 656; x_wconf 76' lang='lat' dir='ltr'><strong>conseret</strong></span> <span class='ocrx_word' id='word_1_12' title='bbox 1095 613 1239 674; x_wconf 91' lang='lat' dir='ltr'><strong>nmquam,</strong></span> 
     </span>
     <span class='ocr_line' id='line_1_3' title="bbox 431 681 1100 763; baseline -0.009 -17"><span class='ocrx_word' id='word_1_13' title='bbox 431 685 602 763; x_wconf 86' lang='lat' dir='ltr'><strong>l&#39;articipem</strong></span> <span class='ocrx_word' id='word_1_14' title='bbox 626 683 675 763; x_wconf 92' lang='lat' dir='ltr'><strong>qui</strong></span> <span class='ocrx_word' id='word_1_15' title='bbox 694 692 724 742; x_wconf 86' lang='lat' dir='ltr'><strong>te</strong></span> <span class='ocrx_word' id='word_1_16' title='bbox 746 683 855 742; x_wconf 91' lang='lat' dir='ltr'><strong>secreti</strong></span> <span class='ocrx_word' id='word_1_17' title='bbox 875 681 947 741; x_wconf 89' lang='lat' dir='ltr'><strong>lecit</strong></span> <span class='ocrx_word' id='word_1_18' title='bbox 969 681 1100 750; x_wconf 85' lang='lat' dir='ltr'><strong>bonesti;</strong></span> 
     </span>
     <span class='ocr_line' id='line_1_4' title="bbox 431 764 1255 846; baseline -0.006 -16"><span class='ocrx_word' id='word_1_19' title='bbox 431 767 523 830; x_wconf 77' lang='lat' dir='ltr'><strong>Carus</strong></span> <span class='ocrx_word' id='word_1_20' title='bbox 542 769 597 828; x_wconf 90' lang='lat' dir='ltr'><strong>erit</strong></span> <span class='ocrx_word' id='word_1_21' title='bbox 617 767 720 843; x_wconf 87' lang='lat' dir='ltr'><strong>Verri,</strong></span> <span class='ocrx_word' id='word_1_22' title='bbox 741 767 790 846; x_wconf 90' lang='lat' dir='ltr'><strong>qui</strong></span> <span class='ocrx_word' id='word_1_23' title='bbox 811 766 936 826; x_wconf 87' lang='lat' dir='ltr'><strong>Verrem</strong></span> <span class='ocrx_word' id='word_1_24' title='bbox 957 775 1090 844; x_wconf 89' lang='lat' dir='ltr'><strong>tempore</strong></span> <span class='ocrx_word' id='word_1_25' title='bbox 1113 782 1171 843; x_wconf 90' lang='lat' dir='ltr'><strong>quo</strong></span> <span class='ocrx_word' id='word_1_26' title='bbox 1194 764 1255 825; x_wconf 88' lang='lat' dir='ltr'><strong>vult</strong></span> 
     </span>
     <span class='ocr_line' id='line_1_5' title="bbox 432 850 1138 931; baseline -0.007 -19"><span class='ocrx_word' id='word_1_27' title='bbox 432 854 580 913; x_wconf 89' lang='lat' dir='ltr'><strong>Accusare</strong></span> <span class='ocrx_word' id='word_1_28' title='bbox 600 862 706 931; x_wconf 92' lang='lat' dir='ltr'><strong>potest.</strong></span> <span class='ocrx_word' id='word_1_29' title='bbox 745 850 827 912; x_wconf 82' lang='lat' dir='ltr'>Tanti</span> <span class='ocrx_word' id='word_1_30' title='bbox 845 850 896 910; x_wconf 92' lang='lat' dir='ltr'><strong>tibi</strong></span> <span class='ocrx_word' id='word_1_31' title='bbox 918 851 1032 911; x_wconf 84' lang='lat' dir='ltr'><strong>nonsit</strong></span> <span class='ocrx_word' id='word_1_32' title='bbox 1053 851 1138 929; x_wconf 82' lang='lat' dir='ltr'><strong>opaci</strong></span> 
     </span>
     <span class='ocr_line' id='line_1_6' title="bbox 430 935 1420 1016; baseline 0.001 -20"><span class='ocrx_word' id='word_1_33' title='bbox 430 936 528 997; x_wconf 87' lang='lat' dir='ltr'><strong>Omnis</strong></span> <span class='ocrx_word' id='word_1_34' title='bbox 549 955 637 997; x_wconf 89' lang='lat' dir='ltr'><strong>arena</strong></span> <span class='ocrx_word' id='word_1_35' title='bbox 660 935 732 1014; x_wconf 82' lang='lat' dir='ltr'>Tagi</span> <span class='ocrx_word' id='word_1_36' title='bbox 752 936 889 1016; x_wconf 90' lang='lat' dir='ltr'><strong>quodque</strong></span> <span class='ocrx_word' id='word_1_37' title='bbox 912 936 1036 995; x_wconf 86' lang='lat' dir='ltr'><strong>inmane</strong></span> <span class='ocrx_word' id='word_1_38' title='bbox 1055 935 1180 994; x_wconf 85' lang='lat' dir='ltr'><strong>volvitur</strong></span> <span class='ocrx_word' id='word_1_39' title='bbox 1201 952 1311 1005; x_wconf 85' lang='lat' dir='ltr'><strong>aurum,</strong></span> <span class='ocrx_word' id='word_1_40' title='bbox 1387 946 1420 997; x_wconf 84' lang='lat'><strong>55</strong></span> 
     </span>
     <span class='ocr_line' id='line_1_7' title="bbox 430 1021 1198 1100; baseline -0.007 -18"><span class='ocrx_word' id='word_1_41' title='bbox 430 1021 465 1082; x_wconf 86' lang='lat' dir='ltr'><strong>Ut</strong></span> <span class='ocrx_word' id='word_1_42' title='bbox 486 1038 588 1082; x_wconf 92' lang='lat' dir='ltr'><strong>somno</strong></span> <span class='ocrx_word' id='word_1_43' title='bbox 610 1040 713 1082; x_wconf 90' lang='lat' dir='ltr'><strong>careas</strong></span> <span class='ocrx_word' id='word_1_44' title='bbox 736 1021 930 1100; x_wconf 82' lang='lat' dir='ltr'><strong>ponendaque</strong></span> <span class='ocrx_word' id='word_1_45' title='bbox 952 1021 1080 1100; x_wconf 88' lang='lat' dir='ltr'><strong>praemia</strong></span> <span class='ocrx_word' id='word_1_46' title='bbox 1102 1038 1198 1078; x_wconf 90' lang='lat' dir='ltr'><strong>sumas</strong></span> 
     </span>
     <span class='ocr_line' id='line_1_8' title="bbox 429 1105 1157 1185; baseline -0.004 -19"><span class='ocrx_word' id='word_1_47' title='bbox 429 1105 531 1167; x_wconf 81' lang='lat' dir='ltr'><strong>Tristis</strong></span> <span class='ocrx_word' id='word_1_48' title='bbox 554 1115 582 1165; x_wconf 88' lang='lat' dir='ltr'><strong>et</strong></span> <span class='ocrx_word' id='word_1_49' title='bbox 604 1125 620 1166; x_wconf 94' lang='lat' dir='ltr'><strong>a</strong></span> <span class='ocrx_word' id='word_1_50' title='bbox 638 1122 742 1183; x_wconf 92' lang='lat' dir='ltr'><strong>magno</strong></span> <span class='ocrx_word' id='word_1_51' title='bbox 765 1123 884 1185; x_wconf 79' lang='lat' dir='ltr'>semper</span> <span class='ocrx_word' id='word_1_52' title='bbox 905 1107 1033 1166; x_wconf 89' lang='lat' dir='ltr'><strong>timearis</strong></span> <span class='ocrx_word' id='word_1_53' title='bbox 1054 1105 1157 1166; x_wconf 88' lang='lat' dir='ltr'><strong>amico.</strong></span> 
     </span>
    </p>

    <p class='ocr_par' dir='ltr' id='par_1_3' title="bbox 429 1189 1450 3382">
     <span class='ocr_line' id='line_1_9' title="bbox 471 1189 1268 1269; baseline -0.009 -17"><span class='ocrx_word' id='word_1_54' title='bbox 471 1192 555 1265; x_wconf 83' lang='lat' dir='ltr'><strong>Quae</strong></span> <span class='ocrx_word' id='word_1_55' title='bbox 576 1208 652 1250; x_wconf 93' lang='lat' dir='ltr'><strong>nunc</strong></span> <span class='ocrx_word' id='word_1_56' title='bbox 673 1189 808 1250; x_wconf 88' lang='lat' dir='ltr'><strong>divitibus</strong></span> <span class='ocrx_word' id='word_1_57' title='bbox 829 1208 905 1267; x_wconf 90' lang='lat' dir='ltr'><strong>gens</strong></span> <span class='ocrx_word' id='word_1_58' title='bbox 925 1190 1128 1269; x_wconf 90' lang='lat' dir='ltr'><strong>acceptissima</strong></span> <span class='ocrx_word' id='word_1_59' title='bbox 1150 1189 1268 1262; x_wconf 86' lang='lat' dir='ltr'><strong>nostris,</strong></span> 
     </span>
     <span class='ocr_line' id='line_1_10' title="bbox 431 1274 1201 1355; baseline -0.006 -18"><span class='ocrx_word' id='word_1_60' title='bbox 431 1277 466 1337; x_wconf 83' lang='lat' dir='ltr'><strong>Et</strong></span> <span class='ocrx_word' id='word_1_61' title='bbox 488 1293 562 1355; x_wconf 89' lang='lat' dir='ltr'><strong>quos</strong></span> <span class='ocrx_word' id='word_1_62' title='bbox 584 1277 743 1353; x_wconf 80' lang='lat' dir='ltr'><strong>praecipue</strong></span> <span class='ocrx_word' id='word_1_63' title='bbox 767 1274 891 1352; x_wconf 87' lang='lat' dir='ltr'><strong>logiam,</strong></span> <span class='ocrx_word' id='word_1_64' title='bbox 914 1274 1081 1354; x_wconf 80' lang='lat' dir='ltr'><strong>properabo</strong></span> <span class='ocrx_word' id='word_1_65' title='bbox 1105 1274 1201 1348; x_wconf 87' lang='lat' dir='ltr'><strong>lateri,</strong></span> 
     </span>
     <span class='ocr_line' id='line_1_11' title="bbox 429 1357 1422 1439; baseline -0.002 -18"><span class='ocrx_word' id='word_1_66' title='bbox 429 1360 492 1421; x_wconf 89' lang='lat' dir='ltr'><strong>Nec</strong></span> <span class='ocrx_word' id='word_1_67' title='bbox 516 1360 610 1439; x_wconf 90' lang='lat' dir='ltr'><strong>pudor</strong></span> <span class='ocrx_word' id='word_1_68' title='bbox 633 1359 768 1420; x_wconf 76' lang='lat' dir='ltr'><strong>obstabit.</strong></span> <span class='ocrx_word' id='word_1_69' title='bbox 814 1357 879 1420; x_wconf 87' lang='lat' dir='ltr'><strong>Non</strong></span> <span class='ocrx_word' id='word_1_70' title='bbox 903 1377 1019 1438; x_wconf 90' lang='lat' dir='ltr'><strong>possum</strong></span> <span class='ocrx_word' id='word_1_71' title='bbox 1041 1360 1140 1432; x_wconf 87' lang='lat' dir='ltr'><strong>lerre,</strong></span> <span class='ocrx_word' id='word_1_72' title='bbox 1164 1357 1305 1431; x_wconf 81' lang='lat' dir='ltr'><strong>Quirites,</strong></span> <span class='ocrx_word' id='word_1_73' title='bbox 1388 1365 1422 1419; x_wconf 81' lang='lat'><strong>60</strong></span> 
     </span>
     <span class='ocr_line' id='line_1_12' title="bbox 431 1437 1366 1523; baseline -0.007 -18"><span class='ocrx_word' id='word_1_74' title='bbox 431 1446 571 1506; x_wconf 87' lang='lat' dir='ltr'><strong>Graecam</strong></span> <span class='ocrx_word' id='word_1_75' title='bbox 593 1443 709 1517; x_wconf 90' lang='lat' dir='ltr'><strong>urbem;</strong></span> <span class='ocrx_word' id='word_1_76' title='bbox 733 1446 863 1522; x_wconf 86' lang='lat' dir='ltr'><strong>quamvis</strong></span> <span class='ocrx_word' id='word_1_77' title='bbox 887 1454 975 1523; x_wconf 92' lang='lat' dir='ltr'><strong>quota</strong></span> <span class='ocrx_word' id='word_1_78' title='bbox 997 1446 1093 1523; x_wconf 90' lang='lat' dir='ltr'><strong>portio</strong></span> <span class='ocrx_word' id='word_1_79' title='bbox 1115 1442 1208 1502; x_wconf 90' lang='lat' dir='ltr'><strong>iaecis</strong></span> <span class='ocrx_word' id='word_1_80' title='bbox 1231 1437 1366 1500; x_wconf 80' lang='lat' dir='ltr'><strong>Acbaeil</strong></span> 
     </span>
     <span class='ocr_line' id='line_1_13' title="bbox 430 1526 1231 1606; baseline -0.006 -17"><span class='ocrx_word' id='word_1_81' title='bbox 430 1529 487 1590; x_wconf 96' lang='lat' dir='ltr'><strong>lam</strong></span> <span class='ocrx_word' id='word_1_82' title='bbox 509 1528 621 1606; x_wconf 87' lang='lat' dir='ltr'><strong>pridem</strong></span> <span class='ocrx_word' id='word_1_83' title='bbox 644 1529 736 1604; x_wconf 74' lang='lat' dir='ltr'><strong>Syrus</strong></span> <span class='ocrx_word' id='word_1_84' title='bbox 757 1529 784 1587; x_wconf 92' lang='lat' dir='ltr'><strong>in</strong></span> <span class='ocrx_word' id='word_1_85' title='bbox 802 1526 930 1588; x_wconf 82' lang='lat' dir='ltr'><strong>Tiberim</strong></span> <span class='ocrx_word' id='word_1_86' title='bbox 953 1529 1072 1589; x_wconf 85' lang='lat' dir='ltr'><strong>delluxit</strong></span> <span class='ocrx_word' id='word_1_87' title='bbox 1094 1526 1231 1602; x_wconf 87' lang='lat' dir='ltr'><strong>Orontes,</strong></span> 
     </span>
     <span class='ocr_line' id='line_1_14' title="bbox 431 1611 1211 1690; baseline -0.004 -17"><span class='ocrx_word' id='word_1_88' title='bbox 431 1613 467 1673; x_wconf 84' lang='lat' dir='ltr'><strong>Et</strong></span> <span class='ocrx_word' id='word_1_89' title='bbox 489 1613 614 1690; x_wconf 84' lang='lat' dir='ltr'><strong>linguam</strong></span> <span class='ocrx_word' id='word_1_90' title='bbox 637 1622 666 1672; x_wconf 92' lang='lat' dir='ltr'><strong>et</strong></span> <span class='ocrx_word' id='word_1_91' title='bbox 688 1629 786 1672; x_wconf 92' lang='lat' dir='ltr'><strong>mores</strong></span> <span class='ocrx_word' id='word_1_92' title='bbox 810 1622 838 1672; x_wconf 91' lang='lat' dir='ltr'><strong>et</strong></span> <span class='ocrx_word' id='word_1_93' title='bbox 861 1631 925 1673; x_wconf 92' lang='lat' dir='ltr'><strong>cum</strong></span> <span class='ocrx_word' id='word_1_94' title='bbox 947 1613 1065 1673; x_wconf 87' lang='lat' dir='ltr'><strong>tibicine</strong></span> <span class='ocrx_word' id='word_1_95' title='bbox 1085 1611 1211 1672; x_wconf 87' lang='lat' dir='ltr'><strong>chordas</strong></span> 
     </span>
     <span class='ocr_line' id='line_1_15' title="bbox 431 1697 1138 1777; baseline -0.001 -20"><span class='ocrx_word' id='word_1_96' title='bbox 431 1697 569 1776; x_wconf 81' lang='lat' dir='ltr'><strong>Obliquas</strong></span> <span class='ocrx_word' id='word_1_97' title='bbox 589 1715 645 1757; x_wconf 92' lang='lat' dir='ltr'><strong>nec</strong></span> <span class='ocrx_word' id='word_1_98' title='bbox 664 1714 722 1757; x_wconf 92' lang='lat' dir='ltr'><strong>non</strong></span> <span class='ocrx_word' id='word_1_99' title='bbox 739 1697 862 1775; x_wconf 86' lang='lat' dir='ltr'><strong>gentilia</strong></span> <span class='ocrx_word' id='word_1_100' title='bbox 882 1707 1016 1777; x_wconf 76' lang='lat' dir='ltr'><strong>tympana</strong></span> <span class='ocrx_word' id='word_1_101' title='bbox 1040 1717 1138 1758; x_wconf 92' lang='lat' dir='ltr'><strong>secum</strong></span> 
     </span>
     <span class='ocr_line' id='line_1_16' title="bbox 433 1780 1422 1861; baseline 0 -21"><span class='ocrx_word' id='word_1_102' title='bbox 433 1782 518 1842; x_wconf 77' lang='lat' dir='ltr'><strong>Venit</strong></span> <span class='ocrx_word' id='word_1_103' title='bbox 540 1780 624 1841; x_wconf 91' lang='lat' dir='ltr'><strong>etad</strong></span> <span class='ocrx_word' id='word_1_104' title='bbox 648 1783 755 1841; x_wconf 91' lang='lat' dir='ltr'><strong>circum</strong></span> <span class='ocrx_word' id='word_1_105' title='bbox 779 1782 873 1842; x_wconf 91' lang='lat' dir='ltr'><strong>iussas</strong></span> <span class='ocrx_word' id='word_1_106' title='bbox 894 1793 1028 1861; x_wconf 85' lang='lat' dir='ltr'><strong>prostare</strong></span> <span class='ocrx_word' id='word_1_107' title='bbox 1052 1781 1175 1861; x_wconf 88' lang='lat' dir='ltr'><strong>puellas.</strong></span> <span class='ocrx_word' id='word_1_108' title='bbox 1389 1787 1422 1841; x_wconf 80' lang='lat'><strong>65</strong></span> 
     </span>
     <span class='ocr_line' id='line_1_17' title="bbox 432 1865 1243 1946; baseline -0.004 -20"><span class='ocrx_word' id='word_1_109' title='bbox 432 1865 490 1943; x_wconf 86' lang='lat' dir='ltr'><strong>lto,</strong></span> <span class='ocrx_word' id='word_1_110' title='bbox 512 1865 617 1945; x_wconf 89' lang='lat' dir='ltr'><strong>quibus</strong></span> <span class='ocrx_word' id='word_1_111' title='bbox 638 1875 721 1944; x_wconf 90' lang='lat' dir='ltr'><strong>grata</strong></span> <span class='ocrx_word' id='word_1_112' title='bbox 745 1876 790 1926; x_wconf 92' lang='lat' dir='ltr'><strong>est</strong></span> <span class='ocrx_word' id='word_1_113' title='bbox 813 1867 889 1945; x_wconf 90' lang='lat' dir='ltr'><strong>picta</strong></span> <span class='ocrx_word' id='word_1_114' title='bbox 914 1868 980 1946; x_wconf 89' lang='lat' dir='ltr'><strong>lupa</strong></span> <span class='ocrx_word' id='word_1_115' title='bbox 1004 1866 1124 1926; x_wconf 88' lang='lat' dir='ltr'><strong>barbara</strong></span> <span class='ocrx_word' id='word_1_116' title='bbox 1147 1865 1243 1926; x_wconf 85' lang='lat' dir='ltr'><strong>mitra!</strong></span> 
     </span>
     <span class='ocr_line' id='line_1_18' title="bbox 431 1948 1226 2030; baseline -0.003 -20"><span class='ocrx_word' id='word_1_117' title='bbox 431 1949 566 2011; x_wconf 84' lang='lat' dir='ltr'><strong>Rusticus</strong></span> <span class='ocrx_word' id='word_1_118' title='bbox 589 1948 639 2009; x_wconf 89' lang='lat' dir='ltr'><strong>ille</strong></span> <span class='ocrx_word' id='word_1_119' title='bbox 664 1960 727 2010; x_wconf 82' lang='lat' dir='ltr'><strong>tuuis</strong></span> <span class='ocrx_word' id='word_1_120' title='bbox 750 1953 834 2010; x_wconf 91' lang='lat' dir='ltr'><strong>sumit</strong></span> <span class='ocrx_word' id='word_1_121' title='bbox 855 1951 1066 2030; x_wconf 84' lang='lat' dir='ltr'><strong>trecluedipna,</strong></span> <span class='ocrx_word' id='word_1_122' title='bbox 1090 1951 1226 2024; x_wconf 83' lang='lat' dir='ltr'><strong>Quirine,</strong></span> 
     </span>
     <span class='ocr_line' id='line_1_19' title="bbox 432 2033 1027 2096; baseline 0 -2"><span class='ocrx_word' id='word_1_123' title='bbox 432 2033 468 2094; x_wconf 81' lang='lat' dir='ltr'><strong>llt</strong></span> <span class='ocrx_word' id='word_1_124' title='bbox 490 2036 667 2095; x_wconf 89' lang='lat' dir='ltr'><strong>ceromatico</strong></span> <span class='ocrx_word' id='word_1_125' title='bbox 689 2035 747 2095; x_wconf 89' lang='lat' dir='ltr'><strong>lert</strong></span> <span class='ocrx_word' id='word_1_126' title='bbox 768 2036 908 2096; x_wconf 89' lang='lat' dir='ltr'><strong>niceteria</strong></span> <span class='ocrx_word' id='word_1_127' title='bbox 931 2036 1027 2096; x_wconf 87' lang='lat' dir='ltr'><strong>collo!</strong></span> 
     </span>
     <span class='ocr_line' id='line_1_20' title="bbox 432 2118 1174 2194; baseline -0.001 -15"><span class='ocrx_word' id='word_1_128' title='bbox 432 2118 484 2179; x_wconf 88' lang='lat' dir='ltr'><strong>llic</strong></span> <span class='ocrx_word' id='word_1_129' title='bbox 506 2118 562 2179; x_wconf 90' lang='lat' dir='ltr'><strong>alta</strong></span> <span class='ocrx_word' id='word_1_130' title='bbox 583 2120 727 2194; x_wconf 78' lang='lat' dir='ltr'><strong>Sicyone,</strong></span> <span class='ocrx_word' id='word_1_131' title='bbox 751 2128 795 2179; x_wconf 90' lang='lat' dir='ltr'><strong>ast</strong></span> <span class='ocrx_word' id='word_1_132' title='bbox 814 2119 861 2180; x_wconf 93' lang='lat' dir='ltr'><strong>bic</strong></span> <span class='ocrx_word' id='word_1_133' title='bbox 884 2120 1036 2194; x_wconf 77' lang='lat' dir='ltr'><strong>Amydone</strong></span> <span class='ocrx_word' id='word_1_134' title='bbox 1060 2118 1174 2192; x_wconf 90' lang='lat' dir='ltr'><strong>relicta,</strong></span> 
     </span>
     <span class='ocr_line' id='line_1_21' title="bbox 433 2201 1450 2277; baseline 0.001 -15"><span class='ocrx_word' id='word_1_135' title='bbox 433 2201 484 2263; x_wconf 89' lang='lat' dir='ltr'><strong>llic</strong></span> <span class='ocrx_word' id='word_1_136' title='bbox 506 2201 624 2277; x_wconf 80' lang='lat' dir='ltr'><strong>Andro,</strong></span> <span class='ocrx_word' id='word_1_137' title='bbox 649 2202 699 2262; x_wconf 92' lang='lat' dir='ltr'><strong>ille</strong></span> <span class='ocrx_word' id='word_1_138' title='bbox 721 2204 824 2277; x_wconf 87' lang='lat' dir='ltr'><strong>Samo,</strong></span> <span class='ocrx_word' id='word_1_139' title='bbox 849 2203 896 2264; x_wconf 90' lang='lat' dir='ltr'><strong>lric</strong></span> <span class='ocrx_word' id='word_1_140' title='bbox 920 2203 1066 2264; x_wconf 87' lang='lat' dir='ltr'><strong>Trallibus</strong></span> <span class='ocrx_word' id='word_1_141' title='bbox 1088 2212 1135 2262; x_wconf 92' lang='lat' dir='ltr'><strong>aut</strong></span> <span class='ocrx_word' id='word_1_142' title='bbox 1154 2202 1324 2276; x_wconf 77' lang='lat' dir='ltr'><strong>Alabandis,</strong></span> <span class='ocrx_word' id='word_1_143' title='bbox 1391 2210 1424 2263; x_wconf 88' lang='grc'><strong>70</strong></span> <span class='ocrx_word' id='word_1_144' title='bbox 1447 2203 1450 2208; x_wconf 80' lang='grc'><strong>’</strong></span> 
     </span>
     <span class='ocr_line' id='line_1_22' title="bbox 432 2286 1189 2367; baseline -0.003 -19"><span class='ocrx_word' id='word_1_145' title='bbox 432 2286 578 2367; x_wconf 78' lang='lat' dir='ltr'><strong>Esquilias</strong></span> <span class='ocrx_word' id='word_1_146' title='bbox 598 2286 762 2366; x_wconf 90' lang='lat' dir='ltr'><strong>dictumque</strong></span> <span class='ocrx_word' id='word_1_147' title='bbox 786 2298 886 2366; x_wconf 88' lang='lat' dir='ltr'><strong>petunt</strong></span> <span class='ocrx_word' id='word_1_148' title='bbox 905 2308 920 2350; x_wconf 97' lang='lat' dir='ltr'><strong>a</strong></span> <span class='ocrx_word' id='word_1_149' title='bbox 942 2290 1048 2349; x_wconf 88' lang='lat' dir='ltr'><strong>vimine</strong></span> <span class='ocrx_word' id='word_1_150' title='bbox 1072 2287 1189 2363; x_wconf 86' lang='lat' dir='ltr'><strong>collem,</strong></span> 
     </span>
     <span class='ocr_line' id='line_1_23' title="bbox 432 2372 1203 2453; baseline -0.001 -22"><span class='ocrx_word' id='word_1_151' title='bbox 432 2372 552 2432; x_wconf 89' lang='lat' dir='ltr'><strong>Viscera</strong></span> <span class='ocrx_word' id='word_1_152' title='bbox 572 2390 738 2449; x_wconf 87' lang='lat' dir='ltr'><strong>magnarum</strong></span> <span class='ocrx_word' id='word_1_153' title='bbox 762 2372 895 2433; x_wconf 92' lang='lat' dir='ltr'><strong>domuum</strong></span> <span class='ocrx_word' id='word_1_154' title='bbox 918 2372 1084 2453; x_wconf 91' lang='lat' dir='ltr'><strong>dominique</strong></span> <span class='ocrx_word' id='word_1_155' title='bbox 1107 2373 1203 2432; x_wconf 80' lang='lat' dir='ltr'><strong>futuri.</strong></span> 
     </span>
     <span class='ocr_line' id='line_1_24' title="bbox 432 2456 1120 2536; baseline -0.003 -18"><span class='ocrx_word' id='word_1_156' title='bbox 432 2456 580 2535; x_wconf 85' lang='lat' dir='ltr'><strong>ingenium</strong></span> <span class='ocrx_word' id='word_1_157' title='bbox 602 2457 708 2532; x_wconf 86' lang='lat' dir='ltr'><strong>velox,</strong></span> <span class='ocrx_word' id='word_1_158' title='bbox 732 2456 852 2518; x_wconf 90' lang='lat' dir='ltr'><strong>audacia</strong></span> <span class='ocrx_word' id='word_1_159' title='bbox 877 2459 1003 2536; x_wconf 88' lang='lat' dir='ltr'><strong>perdita,</strong></span> <span class='ocrx_word' id='word_1_160' title='bbox 1025 2475 1120 2517; x_wconf 87' lang='lat' dir='ltr'><strong>sermo</strong></span> 
     </span>
     <span class='ocr_line' id='line_1_25' title="bbox 431 2540 1249 2621; baseline -0.005 -18"><span class='ocrx_word' id='word_1_161' title='bbox 431 2542 584 2620; x_wconf 89' lang='lat' dir='ltr'><strong>Promptus</strong></span> <span class='ocrx_word' id='word_1_162' title='bbox 603 2551 632 2601; x_wconf 88' lang='lat' dir='ltr'><strong>et</strong></span> <span class='ocrx_word' id='word_1_163' title='bbox 656 2541 740 2603; x_wconf 89' lang='lat' dir='ltr'><strong>lsaco</strong></span> <span class='ocrx_word' id='word_1_164' title='bbox 762 2544 928 2603; x_wconf 86' lang='lat' dir='ltr'><strong>torrentior.</strong></span> <span class='ocrx_word' id='word_1_165' title='bbox 974 2541 1056 2616; x_wconf 84' lang='lat' dir='ltr'><strong>Ede,</strong></span> <span class='ocrx_word' id='word_1_166' title='bbox 1081 2542 1147 2621; x_wconf 91' lang='lat' dir='ltr'><strong>quid</strong></span> <span class='ocrx_word' id='word_1_167' title='bbox 1171 2540 1249 2600; x_wconf 92' lang='lat' dir='ltr'><strong>illum</strong></span> 
     </span>
     <span class='ocr_line' id='line_1_26' title="bbox 433 2623 1424 2705; baseline 0.001 -19"><span class='ocrx_word' id='word_1_168' title='bbox 433 2625 507 2687; x_wconf 83' lang='lat' dir='ltr'><strong>Esse</strong></span> <span class='ocrx_word' id='word_1_169' title='bbox 530 2623 633 2704; x_wconf 82' lang='lat' dir='ltr'><strong>putes?</strong></span> <span class='ocrx_word' id='word_1_170' title='bbox 656 2628 787 2705; x_wconf 88' lang='lat' dir='ltr'><strong>quemvis</strong></span> <span class='ocrx_word' id='word_1_171' title='bbox 809 2626 952 2687; x_wconf 91' lang='lat' dir='ltr'><strong>bominem</strong></span> <span class='ocrx_word' id='word_1_172' title='bbox 972 2646 1072 2688; x_wconf 90' lang='lat' dir='ltr'><strong>secum</strong></span> <span class='ocrx_word' id='word_1_173' title='bbox 1095 2626 1188 2687; x_wconf 91' lang='lat' dir='ltr'><strong>attulit</strong></span> <span class='ocrx_word' id='word_1_174' title='bbox 1210 2626 1245 2685; x_wconf 89' lang='lat' dir='ltr'><strong>ad</strong></span> <span class='ocrx_word' id='word_1_175' title='bbox 1265 2642 1335 2684; x_wconf 92' lang='lat' dir='ltr'><strong>nos:</strong></span> <span class='ocrx_word' id='word_1_176' title='bbox 1391 2630 1424 2687; x_wconf 80' lang='lat' dir='ltr'><strong>ts</strong></span> 
     </span>
     <span class='ocr_line' id='line_1_27' title="bbox 433 2710 1282 2791; baseline -0.005 -19"><span class='ocrx_word' id='word_1_177' title='bbox 433 2711 656 2788; x_wconf 84' lang='lat' dir='ltr'><strong>Grammaticus,</strong></span> <span class='ocrx_word' id='word_1_178' title='bbox 680 2712 793 2787; x_wconf 87' lang='lat' dir='ltr'><strong>rhetor,</strong></span> <span class='ocrx_word' id='word_1_179' title='bbox 815 2722 1003 2789; x_wconf 81' lang='lat' dir='ltr'><strong>geometres,</strong></span> <span class='ocrx_word' id='word_1_180' title='bbox 1028 2715 1142 2791; x_wconf 87' lang='lat' dir='ltr'><strong>pictor,</strong></span> <span class='ocrx_word' id='word_1_181' title='bbox 1166 2710 1282 2789; x_wconf 91' lang='lat' dir='ltr'><strong>aliptes,</strong></span> 
     </span>
     <span class='ocr_line' id='line_1_28' title="bbox 434 2795 1329 2875; baseline -0.002 -20"><span class='ocrx_word' id='word_1_182' title='bbox 434 2796 549 2873; x_wconf 87' lang='lat' dir='ltr'><strong>Augur,</strong></span> <span class='ocrx_word' id='word_1_183' title='bbox 573 2795 805 2873; x_wconf 89' lang='lat' dir='ltr'><strong>schoenobates,</strong></span> <span class='ocrx_word' id='word_1_184' title='bbox 830 2798 977 2873; x_wconf 91' lang='lat' dir='ltr'><strong>medicus,</strong></span> <span class='ocrx_word' id='word_1_185' title='bbox 996 2816 1112 2875; x_wconf 92' lang='lat' dir='ltr'><strong>magus:</strong></span> <span class='ocrx_word' id='word_1_186' title='bbox 1138 2796 1232 2855; x_wconf 90' lang='lat' dir='ltr'><strong>omnia</strong></span> <span class='ocrx_word' id='word_1_187' title='bbox 1249 2795 1329 2853; x_wconf 88' lang='lat' dir='ltr'><strong>novit</strong></span> 
     </span>
     <span class='ocr_line' id='line_1_29' title="bbox 432 2879 1215 2957; baseline -0.005 -16"><span class='ocrx_word' id='word_1_188' title='bbox 432 2879 592 2941; x_wconf 85' lang='lat' dir='ltr'><strong>Graeculus</strong></span> <span class='ocrx_word' id='word_1_189' title='bbox 615 2882 765 2952; x_wconf 83' lang='lat' dir='ltr'><strong>esuriens;</strong></span> <span class='ocrx_word' id='word_1_190' title='bbox 788 2882 815 2940; x_wconf 92' lang='lat' dir='ltr'><strong>iu</strong></span> <span class='ocrx_word' id='word_1_191' title='bbox 840 2882 971 2957; x_wconf 92' lang='lat' dir='ltr'><strong>coelum,</strong></span> <span class='ocrx_word' id='word_1_192' title='bbox 993 2883 1131 2956; x_wconf 90' lang='lat' dir='ltr'><strong>iusseris,</strong></span> <span class='ocrx_word' id='word_1_193' title='bbox 1154 2879 1215 2938; x_wconf 91' lang='lat' dir='ltr'><strong>ibit.</strong></span> 
     </span>
     <span class='ocr_line' id='line_1_30' title="bbox 432 2962 1382 3044; baseline -0.003 -19"><span class='ocrx_word' id='word_1_194' title='bbox 432 2965 463 3025; x_wconf 92' lang='lat' dir='ltr'><strong>ln</strong></span> <span class='ocrx_word' id='word_1_195' title='bbox 486 2983 610 3041; x_wconf 87' lang='lat' dir='ltr'><strong>summa,</strong></span> <span class='ocrx_word' id='word_1_196' title='bbox 632 2982 688 3025; x_wconf 93' lang='lat' dir='ltr'><strong>non</strong></span> <span class='ocrx_word' id='word_1_197' title='bbox 703 2965 820 3026; x_wconf 84' lang='lat' dir='ltr'><strong>llaurus</strong></span> <span class='ocrx_word' id='word_1_198' title='bbox 842 2975 905 3025; x_wconf 88' lang='lat' dir='ltr'><strong>erat</strong></span> <span class='ocrx_word' id='word_1_199' title='bbox 926 2984 1022 3044; x_wconf 86' lang='lat' dir='ltr'><strong>neque</strong></span> <span class='ocrx_word' id='word_1_200' title='bbox 1046 2968 1175 3025; x_wconf 86' lang='lat' dir='ltr'><strong>Sarmata</strong></span> <span class='ocrx_word' id='word_1_201' title='bbox 1196 2982 1252 3023; x_wconf 90' lang='lat' dir='ltr'><strong>nec</strong></span> <span class='ocrx_word' id='word_1_202' title='bbox 1275 2962 1382 3037; x_wconf 83' lang='lat' dir='ltr'><strong>Thrax,</strong></span> 
     </span>
     <span class='ocr_line' id='line_1_31' title="bbox 433 3048 1426 3128; baseline 0.004 -21"><span class='ocrx_word' id='word_1_203' title='bbox 433 3048 487 3123; x_wconf 91' lang='lat' dir='ltr'><strong>Qui</strong></span> <span class='ocrx_word' id='word_1_204' title='bbox 507 3050 627 3127; x_wconf 91' lang='lat' dir='ltr'><strong>sumpsit</strong></span> <span class='ocrx_word' id='word_1_205' title='bbox 650 3052 769 3128; x_wconf 91' lang='lat' dir='ltr'><strong>pinnas,</strong></span> <span class='ocrx_word' id='word_1_206' title='bbox 792 3050 895 3110; x_wconf 92' lang='lat' dir='ltr'><strong>mediis</strong></span> <span class='ocrx_word' id='word_1_207' title='bbox 914 3049 967 3110; x_wconf 93' lang='lat' dir='ltr'><strong>sed</strong></span> <span class='ocrx_word' id='word_1_208' title='bbox 990 3061 1073 3109; x_wconf 91' lang='lat' dir='ltr'><strong>natus</strong></span> <span class='ocrx_word' id='word_1_209' title='bbox 1097 3048 1227 3108; x_wconf 88' lang='lat' dir='ltr'><strong>Atbeuis.</strong></span> <span class='ocrx_word' id='word_1_210' title='bbox 1391 3056 1426 3111; x_wconf 78' lang='lat'><strong>80</strong></span> 
     </span>
     <span class='ocr_line' id='line_1_32' title="bbox 433 3131 1262 3211; baseline 0 -18"><span class='ocrx_word' id='word_1_211' title='bbox 433 3132 538 3193; x_wconf 89' lang='lat' dir='ltr'><strong>llorum</strong></span> <span class='ocrx_word' id='word_1_212' title='bbox 560 3152 617 3211; x_wconf 89' lang='lat' dir='ltr'><strong>ego</strong></span> <span class='ocrx_word' id='word_1_213' title='bbox 638 3152 693 3194; x_wconf 94' lang='lat' dir='ltr'><strong>non</strong></span> <span class='ocrx_word' id='word_1_214' title='bbox 717 3135 824 3211; x_wconf 88' lang='lat' dir='ltr'><strong>lugiam</strong></span> <span class='ocrx_word' id='word_1_215' title='bbox 847 3131 1022 3209; x_wconf 79' lang='lat' dir='ltr'><strong>conchylia?</strong></span> <span class='ocrx_word' id='word_1_216' title='bbox 1043 3153 1089 3194; x_wconf 90' lang='lat' dir='ltr'><strong>me</strong></span> <span class='ocrx_word' id='word_1_217' title='bbox 1113 3135 1191 3210; x_wconf 90' lang='lat' dir='ltr'><strong>prior</strong></span> <span class='ocrx_word' id='word_1_218' title='bbox 1213 3133 1262 3193; x_wconf 87' lang='lat' dir='ltr'><strong>illc</strong></span> 
     </span>
     <span class='ocr_line' id='line_1_33' title="bbox 432 3217 1146 3297; baseline -0.001 -19"><span class='ocrx_word' id='word_1_219' title='bbox 432 3218 563 3297; x_wconf 88' lang='lat' dir='ltr'><strong>Signabit</strong></span> <span class='ocrx_word' id='word_1_220' title='bbox 583 3218 732 3297; x_wconf 80' lang='lat' dir='ltr'><strong>fultusque</strong></span> <span class='ocrx_word' id='word_1_221' title='bbox 754 3228 819 3278; x_wconf 92' lang='lat' dir='ltr'><strong>toro</strong></span> <span class='ocrx_word' id='word_1_222' title='bbox 841 3217 964 3279; x_wconf 86' lang='lat' dir='ltr'><strong>meliore</strong></span> <span class='ocrx_word' id='word_1_223' title='bbox 985 3218 1146 3294; x_wconf 89' lang='lat' dir='ltr'><strong>recumbet,</strong></span> 
     </span>
     <span class='ocr_line' id='line_1_34' title="bbox 435 3300 1239 3382; baseline -0.001 -20"><span class='ocrx_word' id='word_1_224' title='bbox 435 3302 582 3363; x_wconf 89' lang='lat' dir='ltr'><strong>Advectus</strong></span> <span class='ocrx_word' id='word_1_225' title='bbox 605 3301 724 3362; x_wconf 84' lang='lat' dir='ltr'><strong>liomam</strong></span> <span class='ocrx_word' id='word_1_226' title='bbox 749 3320 806 3382; x_wconf 92' lang='lat' dir='ltr'><strong>quo</strong></span> <span class='ocrx_word' id='word_1_227' title='bbox 829 3320 920 3381; x_wconf 92' lang='lat' dir='ltr'><strong>pruna</strong></span> <span class='ocrx_word' id='word_1_228' title='bbox 943 3312 972 3362; x_wconf 91' lang='lat' dir='ltr'><strong>et</strong></span> <span class='ocrx_word' id='word_1_229' title='bbox 995 3315 1112 3363; x_wconf 90' lang='lat' dir='ltr'><strong>cottona</strong></span> <span class='ocrx_word' id='word_1_230' title='bbox 1130 3300 1239 3362; x_wconf 81' lang='lat' dir='ltr'><strong>vento?</strong></span> 
     </span>
    </p>
   </div>
   <div class='ocr_carea' id='block_1_3' title="bbox 435 3385 1425 3803">
    <p class='ocr_par' dir='ltr' id='par_1_4' title="bbox 435 3385 1425 3635">
     <span class='ocr_line' id='line_1_35' title="bbox 436 3385 1308 3466; baseline 0 -21"><span class='ocrx_word' id='word_1_231' title='bbox 436 3385 534 3465; x_wconf 86' lang='lat' dir='ltr'><strong>Usque</strong></span> <span class='ocrx_word' id='word_1_232' title='bbox 555 3388 632 3448; x_wconf 91' lang='lat' dir='ltr'><strong>adeo</strong></span> <span class='ocrx_word' id='word_1_233' title='bbox 655 3387 723 3448; x_wconf 92' lang='lat' dir='ltr'><strong>nibil</strong></span> <span class='ocrx_word' id='word_1_234' title='bbox 748 3396 809 3463; x_wconf 86' lang='lat' dir='ltr'><strong>est,</strong></span> <span class='ocrx_word' id='word_1_235' title='bbox 834 3387 911 3466; x_wconf 94' lang='lat' dir='ltr'><strong>quod</strong></span> <span class='ocrx_word' id='word_1_236' title='bbox 935 3398 1035 3449; x_wconf 92' lang='lat' dir='ltr'><strong>nostra</strong></span> <span class='ocrx_word' id='word_1_237' title='bbox 1058 3389 1173 3448; x_wconf 79' lang='lat' dir='ltr'><strong>infantia</strong></span> <span class='ocrx_word' id='word_1_238' title='bbox 1193 3387 1308 3448; x_wconf 89' lang='lat' dir='ltr'><strong>coelum</strong></span> 
     </span>
     <span class='ocr_line' id='line_1_36' title="bbox 435 3470 1425 3547; baseline 0.003 -17"><span class='ocrx_word' id='word_1_239' title='bbox 435 3470 534 3531; x_wconf 87' lang='lat' dir='ltr'><strong>ilausit</strong></span> <span class='ocrx_word' id='word_1_240' title='bbox 556 3471 708 3547; x_wconf 83' lang='lat' dir='ltr'><strong>Aventini,</strong></span> <span class='ocrx_word' id='word_1_241' title='bbox 732 3471 825 3533; x_wconf 90' lang='lat' dir='ltr'><strong>bacca</strong></span> <span class='ocrx_word' id='word_1_242' title='bbox 843 3474 947 3533; x_wconf 89' lang='lat' dir='ltr'><strong>nutrita</strong></span> <span class='ocrx_word' id='word_1_243' title='bbox 965 3470 1093 3534; x_wconf 82' lang='lat' dir='ltr'><strong>Sabina?</strong></span> <span class='ocrx_word' id='word_1_244' title='bbox 1390 3478 1425 3533; x_wconf 72' lang='lat' dir='ltr'><strong>dd</strong></span> 
     </span>
     <span class='ocr_line' id='line_1_37' title="bbox 435 3552 1225 3635; baseline 0.003 -23"><span class='ocrx_word' id='word_1_245' title='bbox 435 3552 509 3628; x_wconf 92' lang='lat' dir='ltr'><strong>Quid</strong></span> <span class='ocrx_word' id='word_1_246' title='bbox 533 3557 610 3635; x_wconf 92' lang='lat' dir='ltr'><strong>quod</strong></span> <span class='ocrx_word' id='word_1_247' title='bbox 629 3556 763 3617; x_wconf 93' lang='lat' dir='ltr'><strong>adulandi</strong></span> <span class='ocrx_word' id='word_1_248' title='bbox 785 3575 859 3634; x_wconf 89' lang='lat' dir='ltr'><strong>gens</strong></span> <span class='ocrx_word' id='word_1_249' title='bbox 883 3557 1104 3635; x_wconf 88' lang='lat' dir='ltr'><strong>prudentissima</strong></span> <span class='ocrx_word' id='word_1_250' title='bbox 1128 3555 1225 3617; x_wconf 91' lang='lat' dir='ltr'><strong>laudat</strong></span> 
     </span>
    </p>

    <p class='ocr_par' dir='ltr' id='par_1_5' title="bbox 435 3639 1155 3718">
     <span class='ocr_line' id='line_1_38' title="bbox 435 3639 1155 3718; baseline 0.004 -20"><span class='ocrx_word' id='word_1_251' title='bbox 435 3639 605 3700; x_wconf 90' lang='lat' dir='ltr'><strong>Sermonem</strong></span> <span class='ocrx_word' id='word_1_252' title='bbox 625 3641 749 3717; x_wconf 88' lang='lat' dir='ltr'><strong>indocti,</strong></span> <span class='ocrx_word' id='word_1_253' title='bbox 771 3641 876 3702; x_wconf 89' lang='lat' dir='ltr'><strong>iaciem</strong></span> <span class='ocrx_word' id='word_1_254' title='bbox 897 3642 1037 3702; x_wconf 90' lang='lat' dir='ltr'><strong>deiormis</strong></span> <span class='ocrx_word' id='word_1_255' title='bbox 1060 3642 1155 3718; x_wconf 81' lang='lat' dir='ltr'><strong>amici,</strong></span> 
     </span>
    </p>

    <p class='ocr_par' dir='ltr' id='par_1_6' title="bbox 437 3720 1195 3803">
     <span class='ocr_line' id='line_1_39' title="bbox 437 3720 1195 3803; baseline 0.003 -20"><span class='ocrx_word' id='word_1_256' title='bbox 437 3720 471 3783; x_wconf 84' lang='lat' dir='ltr'><strong>llt</strong></span> <span class='ocrx_word' id='word_1_257' title='bbox 492 3723 610 3802; x_wconf 84' lang='lat' dir='ltr'><strong>longum</strong></span> <span class='ocrx_word' id='word_1_258' title='bbox 633 3725 750 3786; x_wconf 85' lang='lat' dir='ltr'><strong>invalidi</strong></span> <span class='ocrx_word' id='word_1_259' title='bbox 771 3726 879 3788; x_wconf 89' lang='lat' dir='ltr'><strong>collum</strong></span> <span class='ocrx_word' id='word_1_260' title='bbox 902 3726 1067 3787; x_wconf 87' lang='lat' dir='ltr'><strong>cervicibus</strong></span> <span class='ocrx_word' id='word_1_261' title='bbox 1090 3735 1195 3803; x_wconf 89' lang='lat' dir='ltr'><strong>aequat</strong></span> 
     </span>
    </p>
   </div>
   <div class='ocr_carea' id='block_1_4' title="bbox 0 0 1726 4575">
    <p class='ocr_par' dir='ltr' id='par_1_7' title="bbox 0 0 1726 4575">
     <span class='ocr_line' id='line_1_40' title="bbox 0 0 1726 4575; baseline 0 0"><span class='ocrx_word' id='word_1_262' title='bbox 0 0 1726 4575; x_wconf 95' lang='lat' dir='ltr'><strong> </strong></span> 
     </span>
    </p>
   </div>
  </div>
 </body>
</html>
