3434 4575
710 476 922 526 PRAEFATIO.
1222 479 1310 530 ml

317 622 435 681 turmalis
452 630 535 680 aetate
543 639 599 680 ame
609 631 735 696 poterant,
750 625 791 696 qui
807 624 918 682 breviore
929 626 1006 682 loom
1018 626 1157 684 reconditae
1168 628 1311 685 eruhtionia

316 708 419 780 speeiem
429 708 587 774 affectarent;
597 710 650 765 sinc
660 710 729 766 libris
740 710 817 781 igitur
830 710 889 766 nihil
900 710 963 783 apud
975 708 1041 765 bunc
1051 719 1153 768 mntem.
1175 713 1227 768 llio
1238 729 1311 770 causa

315 801 350 849 ost
358 809 382 850 r.
394 797 447 860 87,
459 794 502 849 ubi
512 795 578 866 quod
589 795 657 851 lahm
669 810 692 851 c.
703 794 767 852 Pitb.
778 796 877 866 scripsit
887 795 934 864 ihi,
946 811 996 850 non
1007 795 1123 852 librorum
1134 799 1215 870 magis
1228 813 1310 854 exem·

314 878 353 950 ple
362 895 437 951 onam
449 895 507 934 meo
516 879 599 936 sensui
610 880 742 936 obsecutus
752 894 797 950 per
805 881 931 937 relativum
942 879 983 936 ochi
989 880 1020 935 ab
1031 881 1103 936 unius
1112 883 1203 954 navigii
1215 883 1309 939 lortuna

313 963 341 1019 ud
360 965 499 1020 universam
512 965 558 1020 tuti
569 965 637 1020 sinus
646 966 780 1038 maginem
791 967 1015 1039 naufragorumque
1024 967 1090 1021 velut
1102 968 1262 1024 conciliabula
1273 983 1309 1023 re

312 1049 412 1109 vocari:
431 1048 497 1104 idem
516 1057 597 1106 tamen
614 1066 672 1106 mox
689 1066 713 1108 ιι.
728 1055 779 1108 110
788 1057 814 1104 et
826 1057 877 1110 116
890 1051 963 1106 etiam
981 1051 1079 1122 propius
1093 1051 1135 1107 illo
1146 1053 1231 1124 optimi
1242 1054 1310 1108 testis

311 1134 415 1206 rusdgia
432 1133 509 1205 premi
520 1135 649 1191 scribendo
661 1134 764 1208 bellique
774 1144 799 1189 et
809 1143 852 1190 met
865 1136 1040 1208 palmarium,
1053 1137 1095 1191 ubi
1106 1136 1171 1191 Pitb.
1183 1147 1250 1192 certe
1261 1154 1309 1194 non

312 1227 338 1273 ot
348 1219 449 1274 Iahnius
465 1227 491 1273 et
502 1220 600 1289 plurimi
614 1218 672 1276 belli
680 1228 703 1277 et
713 1221 756 1276 sed
767 1218 862 1295 tddqea
872 1237 918 1275 nec
927 1239 1016 1293 ηιαφιιι
1026 1229 1049 1277 et
1059 1222 1102 1277 sed
1116 1231 1230 1296 mupomtt
1242 1223 1310 1277 cxlii·

311 1303 360 1359 bet.
392 1303 463 1368 Unus
480 1303 509 1359 C.
519 1303 670 1362 Schmidtius
680 1307 729 1361 iam
745 1306 770 1360 in
781 1305 879 1361 delectu
889 1306 1058 1362 Bieleleldensi
1071 1311 1139 1366 1835
1149 1306 1249 1382 btttpo
1259 1309 1309 1363 edi·

310 1387 358 1449 dit:
375 1389 421 1445 sed
430 1404 508 1460 quum
527 1390 600 1446 simul
612 1399 715 1446 ιιιπιιωιι
727 1406 771 1461 pro
787 1397 877 1446 wan
887 1391 1004 1447 scriberet
1020 1401 1162 1464 partemque
1175 1392 1232 1448 belli
1243 1410 1307 1464 epte·

309 1473 375 1544 pinon
385 1474 490 1548 atque·
500 1475 583 1530 mecon
593 1476 805 1546 interpretaretur,
824 1475 874 1531 boc
884 1477 964 1533 solum
976 1485 1043 1532 recte
1061 1477 1133 1541 vidit.
1148 1486 1244 1550 partem
1254 1476 1308 1532 belli

311 1557 425 1614 cohortes
435 1559 505 1614 ualde
517 1561 632 1633 languide
642 1561 703 1623 dici;
723 1561 815 1633 reliqua
835 1562 913 1618 multo
926 1562 1020 1617 lucilius
1030 1562 1067 1618 sic
1077 1571 1211 1626 struemns,
1227 1571 1253 1617 ut
1264 1579 1308 1637 pru

311 1642 369 1714 ipsis
379 1643 525 1700 cohortibus
534 1653 625 1702 aaron
637 1653 761 1718 tamquam
770 1653 864 1718 portem
870 1647 976 1722 ιιίὸφιωιι
986 1646 1042 1703 belli
1047 1656 1070 1702 et
1079 1639 1171 1703 emtum
1178 1648 1205 1702 ie
1213 1648 1308 1720 plodio

310 1728 435 1802 adiungat.
702 1766 704 1771 -

394 1814 450 1870 Lib.
461 1814 490 1872 11.
501 1813 553 1871 Sat.
566 1814 632 1871 lllll.
649 1831 674 1869 ιι.
688 1818 862 1875 isoscelium
877 1824 933 1886 post
945 1816 1069 1884 lamium,
1082 1817 1123 1888 qui
1132 1833 1192 1872 antu
1202 1818 1306 1888 scripsit

309 1915 365 1957 cnm
376 1899 441 1958 Pilb
454 1907 480 1956 et
492 1901 601 1970 plurimis
611 1902 703 1956 asserii
714 1901 809 1956 Vindio.
821 1918 845 1972 p.
862 1907 907 1964 15;
919 1901 1041 1956 dillicilius
1052 1908 1133 1956 autem
1144 1902 1216 1956 huius
1227 1908 1307 1973 patro-

309 1986 398 2042 cinium
416 1992 455 2040 est
465 2003 489 2040 ιι.
503 1989 553 2051 18.
573 1986 615 2042 ubi
626 1987 648 2040 si
660 1986 778 2043 luvenalis
794 2004 859 2041 ruere
869 1987 1019 2058 scripsisset.
1037 1986 1102 2058 quod
1114 2002 1143 2040 cx
1156 1986 1219 2041 Pith.
1230 2002 1307 2058 nuper

308 2070 405 2126 Iahnius
422 2070 511 2135 edidit,
528 2087 595 2127 eum
613 2078 693 2135 aetas,
714 2088 786 2144 quarn
806 2071 914 2128 eiusdem
933 2080 1058 2127 corrector
1073 2087 1129 2126 oum
1148 2072 1305 2128 deterioribus

308 2156 429 2227 pler‘mpue
445 2171 602 2213 communem
620 2156 707 2221 babet,
726 2158 849 2228 quomodo
868 2157 892 2212 in
910 2166 1016 2213 mentem
1034 2157 1253 2225 librariisvenerit,
1266 2158 1306 2212 vix

307 2241 429 2312 explicem
440 2240 830 2314 nopeipsummmeominootem
842 2244 932 2308 locum,
946 2258 1019 2316 quein
1030 2243 1053 2298 in
1065 2241 1183 2314 principio
1194 2243 1305 2299 versiculi

307 2334 386 2392 tenet,
400 2328 464 2382 tueri
475 2341 549 2397 posse
558 2327 665 2392 videtur,
678 2335 805 2400 postquam
819 2329 904 2384 eadem
917 2338 1026 2399 tempora
1043 2329 1090 2383 iarn
1106 2329 1129 2383 io
1142 2329 1304 2384 antecedenti·

306 2411 352 2467 bus
365 2412 459 2467 diutius
474 2418 575 2467 tractata
586 2420 658 2477 suut;
669 2414 763 2468 servati
774 2412 863 2485 igitur.
877 2431 925 2485 quo
936 2414 1033 2469 sublato
1044 2414 1145 2469 verebar
1156 2429 1188 2469 ne
1199 2415 1304 2486 argutis-

305 2497 369 2552 simo
381 2497 491 2567 epitheto
504 2498 659 2569 frigidissima
675 2498 793 2569 particula
812 2500 961 2555 succederet.
993 2499 1071 2553 Etiam
1088 2515 1112 2554 v.
1124 2502 1159 2557 82
1171 2500 1235 2555 idem
1247 2499 1304 2554 mibi

306 2582 369 2653 quod
381 2581 445 2638 vtll.
458 2588 510 2641 203
522 2583 624 2648 indulsi,
642 2590 669 2637 nt
685 2592 796 2639 extremo
806 2592 829 2638 et
840 2584 967 2648 adderem.
986 2584 1051 2656 quod
1070 2584 1094 2638 in
1113 2583 1162 2639 ime
1178 2599 1304 2640 enumera·

307 2667 400 2723 tionum
412 2668 575 2737 solemncipsi
585 2668 705 2743 pddqaed
710 2667 829 2723 luvenalis
839 2668 871 2723 x.
880 2672 932 2727 174
943 2676 967 2723 et
974 2668 1015 2725 lll.
1030 2673 1079 2727 191
1090 2669 1227 2739 proemisit3
1240 2671 1305 2741 quod

305 2766 362 2806 vero
375 2768 398 2808 ιι.
413 2754 465 2809 tot
486 2768 529 2823 pro
540 2752 664 2823 wofornrt
675 2753 730 2809 dedi
741 2753 894 2822 mulionem,
907 2769 938 2809 ex
949 2754 999 2823 ipsa
1017 2753 1141 2809 pithoeani
1153 2754 1304 2826 alienumque

306 2837 467 2906 plurimorum
481 2840 618 2908 corruptele
630 2837 772 2908 modium
783 2839 870 2903 elicui;
888 2839 1045 2910 eiusdemque
1055 2839 1093 2894 vel
1104 2841 1206 2894 certiore
1220 2841 1304 2895 tueto-

306 2922 376 2977 ritate
389 2921 442 2978 Sat.
460 2921 523 2979 xlv,
537 2939 559 2978 v.
572 2928 608 2983 33
617 2922 718 2979 abach
730 2939 774 2993 pro
784 2923 885 2979 mdenrd
896 2939 1001 2995 moxque
1012 2940 1035 2979 v.
1048 2928 1084 2983 48
1099 2942 1142 2980 nec
1158 2941 1201 2995 pro
1218 2942 1248 2978 ne
1266 2940 1302 2979 re

307 3006 382 3077 posui,
397 3008 530 3062 accedente
541 3008 638 3079 insuper
648 3010 782 3064 sentcntiae
792 3010 1016 3072 commendatione.
1028 3010 1115 3081 dequo
1127 3012 1160 3065 cl.
1169 3010 1260 3066 vindic.
1277 3025 1301 3080 p.

310 3095 405 3150 18„-
415 3091 444 3148 V.
454 3095 490 3149 83
502 3103 586 3148 utnon
598 3110 612 3149 a
624 3094 748 3150 pithoeani
761 3124 804 3136 -
816 3094 836 3149 is
847 3096 912 3150 enim
924 3104 1037 3165 corrupte
1047 3095 1134 3151 boaret
1153 3095 1251 3150 exhibet
1260 3124 1303 3137 -

305 3177 347 3231 aed
358 3175 475 3231 aPitboei
490 3177 613 3251 lahniique
627 3180 772 3235 auctoritate
782 3181 908 3251 digressus
919 3196 962 3251 pro
973 3179 1057 3235 boarit
1068 3182 1226 3251 plurimorum
1243 3180 1303 3235 scri·

306 3268 402 3331 plurem
412 3260 500 3317 levabit
509 3264 663 3332 praeferrem,
677 3273 701 3318 et
713 3265 827 3319 Prisciani
838 3266 977 3337 vestigium.
991 3266 1032 3336 qui
1043 3265 1128 3320 levavit
1139 3266 1213 3336 legit,
1227 3272 1251 3317 et
1261 3281 1301 3319 su·

307 3346 409 3419 perieris
426 3347 474 3401 loci
486 3346 525 3404 Vl.
537 3352 590 3406 660
608 3350 756 3420 comparatio
777 3351 867 3413 movit,
887 3350 927 3405 ubi
940 3351 964 3404 in
975 3350 1048 3405 simili
1059 3350 1240 3405 constructione
1251 3349 1301 3420 ipse

307 3428 454 3486 pithoeanus
460 3434 626 3505 proepautubit
639 3444 732 3496 tuetur;
743 3451 765 3488 v.
779 3440 830 3491 152
845 3445 927 3492 autern
938 3435 1003 3498 hune
1014 3435 1085 3490 etiam
1093 3434 1162 3507 foede
1173 3433 1300 3489 scribendo

307 3516 364 3571 nibil
383 3517 430 3572 nisi
446 3518 589 3590 genetivum
603 3520 690 3591 foedae
705 3520 810 3574 voluisse
827 3528 904 3590 puto,
924 3520 993 3575 cuius
1012 3527 1077 3573 certe
1097 3535 1145 3574 non
1163 3520 1301 3590 impeditior

306 3616 377 3673 quam
389 3602 497 3657 adverbii
511 3610 632 3660 structura
645 3613 695 3669 est.
708 3606 782 3660 modo
793 3604 938 3677 hypallagen
949 3620 1081 3677 agnoscas,
1095 3619 1141 3675 qua
1150 3605 1236 3677 foedae
1245 3604 1300 3660 buo

307 3686 361 3743 eino
369 3687 451 3759 samue
463 3703 508 3759 pro
520 3688 590 3745 loma
601 3690 665 3747 lama
675 3690 770 3754 dicitur,
783 3692 852 3745 cuius
865 3691 932 3747 uelut
943 3690 1045 3745 buccina
1055 3689 1080 3744 in
1090 3691 1244 3746 sermonibus
1254 3691 1300 3747 illis

307 3771 431 3835 sudatur:
447 3788 496 3829 nec
505 3789 529 3831 ιι.
541 3779 595 3836 188
611 3776 732 3848 inoptimr
744 3775 835 3833 mdims
852 3776 939 3832 lacuna
951 3776 1078 3849 anquirere
1090 3775 1171 3845 potius
1182 3792 1238 3834 cum
1250 3774 1299 3833 Ru·

309 3859 415 3926 patioet
425 3858 510 3918 labuio
521 3876 593 3935 quam
605 3876 662 3917 cum
672 3868 756 3921 sotem
765 3869 904 3921 comestore
915 3860 1042 3934 adquirere
1051 3860 1153 3926 bronio,
1164 3862 1230 3933 quod
1241 3868 1291 3918 etr
