3434 4575
439 476 481 544 58
762 475 807 537 Μ.
823 476 916 538 VAL.
932 474 1161 537 MARTIALIS

448 705 453 712 ι
521 631 640 691 Trunci
654 630 780 689 naribus
795 630 981 707 auribusque
996 628 1105 691 voltus.

522 714 634 776 Credis
648 721 682 774 te
696 715 771 773 satis
786 732 856 773 erse
874 712 1084 774 vindicatum?

498 801 629 862 5Erras:
651 799 712 858 iste
725 803 831 880 potest
846 804 879 858 et
893 800 1056 862 irrumare.

874 946 1041 1011 LXXXIV.

518 1065 627 1127 Mollis
642 1071 709 1126 erat
725 1064 890 1144 facilisque
905 1065 980 1125 viris
994 1064 1162 1126 Poeantius
1177 1067 1289 1129 heroa:

562 1149 703 1213 Volnera
717 1151 762 1210 sic
775 1148 899 1208 Paridis
916 1148 1030 1209 dicitur
1046 1149 1111 1210 ulta
1125 1151 1241 1212 Venus.

520 1235 584 1296 Gur
597 1233 697 1312 lingat
712 1253 844 1294 cunnum
859 1232 982 1292 Siculus
998 1232 1173 1314 Sertorius,
1195 1236 1255 1296 hoc
1271 1243 1338 1300 est:
1404 1262 1408 1269 ·

562 1320 627 1381 Aba
639 1320 699 1379 hoc
715 1319 851 1395 occisus,
874 1318 972 1395 Rufe,
994 1316 1119 1378 videtur
1133 1321 1227 1399 Eryx.

884 1464 1036 1527 LXXXV.

518 1587 642 1650 Vimine
658 1585 742 1646 clusa
755 1585 817 1646 levi
832 1586 941 1645 niveae
957 1584 1097 1646 custodia
1112 1593 1235 1666 coctae,

561 1671 630 1730 Hoc
645 1671 704 1731 tibi
720 1670 846 1730 Saturni
861 1675 1003 1751 tempore
1022 1690 1131 1731 munus
1149 1673 1219 1733 erit.

517 1755 604 1816 Dona
620 1754 703 1836 quod
717 1755 844 1816 aestatis
858 1755 928 1814 misi
942 1756 999 1814 tibi
1015 1774 1121 1815 mense
1135 1755 1319 1833 Decembri,

563 1839 597 1899 Si
612 1841 771 1919 quereris,
792 1859 893 1900 rasam
907 1845 942 1899 tn
956 1829 1136 1899 milii'mitte
1151 1846 1263 1922 togam.

873 1987 1039 2056 LXXXVI.

519 2105 609 2182 Quod
623 2125 682 2166 nec
699 2107 834 2165 carmine
849 2103 967 2183 glorior
984 2107 1093 2184 supino

518 2189 585 2250 Nec
598 2198 685 2249 retro
699 2187 771 2269 lego
787 2188 926 2248 Sotaden
940 2187 1118 2267 cinaedum,
1180 2194 1183 2199 ’

518 2275 674 2353 Nusquam
688 2273 841 2335 Graecula
858 2270 941 2353 qnod
955 2278 1097 2334 recantat
1110 2275 1187 2335 echo

396 2377 402 2388 ·
518 2359 584 2419 Nec
600 2358 697 2418 dictat
711 2358 787 2417 mihi
800 2355 977 2417 luculentus
991 2358 1075 2418 Attis

498 2441 655 2506 5Mollem
670 2440 833 2503 debilitate
849 2440 1052 2521 galliambon:

519 2527 590 2587 Non
604 2546 687 2605 sum,
710 2525 867 2604 Classice,
887 2533 950 2587 tam
965 2524 1063 2587 malus
1077 2531 1181 2605 poeta.
1244 2534 1248 2541 '

521 2611 619 2688 Quid,
642 2612 667 2670 si
685 2628 745 2691 per
758 2610 891 2691 graciles
905 2612 969 2671 vias
983 2611 1106 2691 petauri

404 2709 410 2718 '
519 2695 650 2756 Invitum
664 2697 771 2756 iubeas
789 2697 895 2757 subire
908 2694 1036 2757 Ladan?

520 2779 628 2859 Turpe
643 2786 692 2840 est
707 2779 853 2841 difficiles
869 2782 986 2841 habere
999 2798 1094 2857 nugas

415 2876 417 2880 ’
478 2863 559 2925 1οΕι
573 2863 687 2925 stultus
698 2863 787 2925 labor
801 2870 850 2925 est
864 2866 1060 2945 ineptiarum.

520 2947 644 3008 Scribat
657 2950 792 3008 carmina
807 2948 931 3008 circulis
944 2947 1127 3025 Palaemon,

518 3030 573 3092 Me
589 3032 669 3092 raris
681 3033 765 3092 iuvat
779 3032 903 3091 auribus
917 3030 1054 3112 placere.

865 3178 1043 3241 LXXXVII.

518 3290 603 3352 Dicis
618 3310 724 3352 amore
737 3294 784 3353 tui
798 3291 898 3353 bellas
914 3291 1026 3353 ardere
1040 3291 1177 3373 puellas,

560 3375 621 3452 Qui
634 3376 747 3438 faciem
762 3378 818 3438 snb
833 3396 926 3457 aqua,
949 3376 1061 3455 Sexte,
1082 3375 1216 3437 natantis
1228 3374 1335 3437 haber.

855 3524 1047 3588 LXXXVIII.

516 3633 569 3697 ΝΠ
583 3640 698 3699 recitas
714 3644 746 3699 et
758 3640 821 3719 vis,
841 3639 1017 3721 Mamerco,
1039 3646 1133 3721 poeta
1146 3638 1257 3701 videri.

561 3721 720 3802 Quidquid
734 3725 780 3785 vis
795 3730 880 3803 esto,
903 3723 1067 3786 dummodo
1083 3722 1130 3785 nil
1142 3724 1268 3785 recites.

361 3935 513 4104 ⁴⁸,
620 3950 624 3956 ,
