3434 4575
577 461 915 525 EPIGRAMMATON
930 461 1004 526 ΗΒ.
1018 460 1070 523 Xl.
1276 457 1342 524 265

753 612 890 674 XXXIV.

378 716 483 778 Aedes
498 717 573 777 emit
587 717 690 795 Aper,
713 712 768 773 sed
784 731 858 791 quas
876 729 935 770 nee
949 715 1061 769 noctua
1074 709 1170 771 vellet

424 802 502 860 Esse
518 819 604 874 suas;
628 797 704 857 adeo
720 798 807 874 nigra
822 800 972 872 vetusque
989 813 1058 854 easa
1072 800 1130 856 est.

380 885 509 948 Vicinos
524 881 572 944 illi
586 880 703 942 nitidus
717 880 808 941 Maro
822 876 963 959 possidet
977 878 1095 938 hortus.

423 969 554 1028 Cenabit
569 965 669 1044 belle,
689 983 751 1025 non
765 962 917 1022 habitabit
932 962 1025 1042 Aper.

752 1096 877 1158 XXXV.

382 1198 507 1276 Ignotos
521 1197 597 1256 mihi
612 1215 680 1255 eum
694 1213 786 1255 vaces
799 1199 976 1271 trecentos,

382 1282 484 1355 Quare
500 1299 563 1340 nan
578 1281 697 1339 veniam
711 1282 837 1339 recatus
851 1274 890 1335 ad
905 1283 952 1354 te,

380 1363 510 1424 Miraris
526 1365 729 1442 quererisque
743 1359 920 1439 litigasque.
1026 1376 1030 1383 ’

382 1448 472 1507 Solus
489 1466 582 1525 ceno,
603 1444 752 1522 Fabulle,
774 1464 836 1504 nou
851 1442 998 1505 libenter.

747 1578 884 1642 XXXVI.

380 1693 475 1752 Gaius
490 1693 570 1751 haue
583 1688 686 1751 lueem
701 1710 819 1771 gemma
831 1693 907 1750 mihi
921 1689 1014 1751 lulius
1028 1690 1097 1751 alba
1143 1710 1148 1717 ·

426 1776 549 1854 Signat,
570 1776 617 1853 io,
637 1776 717 1835 vatis
731 1773 892 1851 redditus,
915 1792 1005 1851 eeee,
1027 1776 1113 1834 meis.

382 1860 573 1937 Desperasse
587 1860 671 1918 iuvat
683 1856 780 1918 veluti
793 1859 854 1918 iam
868 1864 960 1938 rupta
973 1876 1114 1917 sororum

423 1943 509 2018 Fila3
531 1944 631 2002 minus
647 1941 783 2020 gaudent
797 1943 849 2021 qui
863 1941 996 2001 timuere
1011 1940 1100 2000 nihil.

361 2027 511 2106 sllypne,
535 2025 611 2106 quid
624 2031 785 2107 expectas,
807 2024 919 2105 piger?
938 2022 1112 2085 immortale
1126 2021 1293 2085 Falernum

422 2109 549 2188 Funde,
571 2129 677 2170 senem
691 2116 825 2191 poscunt
836 2107 910 2168 talia
925 2115 995 2169 vota
1010 2107 1127 2168 eadum.

382 2195 577 2269 Quincunces
596 2201 628 2254 et
642 2213 696 2254 sex
712 2195 840 2272 cyathos
853 2193 1039 2273 bessemque
1053 2195 1207 2270 bihamus,

425 2278 524 2339 Gaius
540 2283 576 2339 ut
586 2279 641 2339 flat
654 2279 754 2340 lunius
771 2283 803 2338 et
819 2277 992 2342 Paeonius.

743 2411 895 2476 XXXVll.

384 2518 491 2598 Zoile,
512 2519 586 2598 quid
601 2527 667 2583 tota
681 2543 830 2603 gemmam
846 2526 1053 2606 praecingere
1068 2524 1149 2584 libra

428 2603 476 2663 Te
490 2604 573 2664 iuvat
589 2612 623 2665 et
636 2608 780 2669 miserum
794 2607 930 2689 perdere
946 2607 1159 2687 sardonyche?

384 2686 502 2748 Anulus
518 2690 577 2748 iste
592 2692 653 2752 tuis
666 2692 770 2753 fuerat
786 2691 877 2752 modo
893 2692 1034 2752 cruribus
1048 2697 1145 2771 aptus.

425 2770 494 2831 Non
510 2771 617 2833 eadem
632 2775 736 2856 digitis
750 2776 890 2856 pondera
906 2777 1099 2835 conveniunt.

740 2923 904 2985 XXXVlll.

384 3031 484 3092 Mulio
501 3035 611 3113 viginti
627 3037 713 3094 veuit
727 3034 819 3094 modo
834 3033 975 3113 milibus,
997 3033 1086 3095 Aule.

424 3117 551 3179 Miraris
565 3119 699 3199 pretium
717 3124 778 3177 tam
794 3119 908 3197 grave?
930 3117 1040 3178 surdus
1056 3125 1133 3179 erat.

754 3251 892 3312 XXXlX.
951 3306 954 3310 .

384 3364 539 3422 Cunarum
554 3364 657 3423 lueres
671 3371 788 3440 motor,
810 3362 1013 3440 Charideme,
1034 3380 1170 3422 mearum

425 3446 467 3506 llt
478 3447 569 3524 pueri
586 3451 688 3504 custos
703 3446 904 3523 assiduusque
919 3464 1031 3507 cemes.

384 3528 446 3587 lam
461 3528 535 3586 mihi
551 3529 733 3605 nigrescunt
747 3534 836 3587 tonsa
850 3528 974 3589 sudaria
988 3523 1084 3589 barb'a

429 3613 471 3671 Et
485 3612 627 3689 queritur
642 3609 739 3670 labris
752 3618 867 3691 puncta
881 3612 985 3693 puella
998 3614 1086 3672 meis.

346 3691 450 3757 'used
466 3695 524 3754 tibi
538 3714 600 3754 nan
614 3696 716 3769 erevi;
731 3701 763 3755 te
777 3703 886 3756 noster
899 3696 1006 3757 vilicus
1021 3697 1149 3773 horret,
