3434 4575
242 303 268 367 S

532 300 577 363 M.
593 299 687 364 vAn.
702 297 931 360 MAnTinnis

601 503 708 566 LXlV.
736 503 849 563 libiae.

289 614 385 676 Ebria
398 633 455 674 noa
470 612 601 675 madidis
618 616 734 694 rumpit
748 614 876 673 tibicina
892 614 1018 672 buccis:

333 698 434 779 Saepe
449 696 524 759 duas
536 701 672 780 pariter,
694 716 787 778 saepe
802 695 970 756 monaulon
984 696 1093 758 babet.

535 833 629 896 LXV.
649 831 764 894 Soleae
776 833 915 892 lanatae.

290 931 435 992 Defuerit
450 933 476 992 si
490 932 574 992 iorte
588 943 668 1014 puer
683 929 845 1008 soleasque
859 927 976 989 libebit

333 1016 478 1096 Sumere,
498 1036 556 1097 pro
570 1034 667 1097 puero
683 1033 739 1096 pes
754 1017 816 1075 erit
828 1014 897 1094 ipse
911 1013 983 1072 sibi.

561 1149 669 1212 LXVl.
693 1149 878 1210 Mamillare.

294 1247 431 1307 Taurino
445 1254 571 1327 poteras
585 1253 695 1326 pectus
712 1245 927 1322 constringere
941 1248 1048 1322 tergo.

333 1331 408 1390 Nam
422 1330 515 1410 pellis
529 1349 672 1389 mammas
687 1348 750 1388 non
765 1331 847 1408 capit
859 1330 919 1387 ista
935 1332 1014 1386 tuas.

452 1464 572 1526 LXVll.
594 1463 787 1525 Muscarium
796 1464 1003 1543 pavoninum.

291 1561 444 1621 Lambere
458 1579 537 1642 quae
551 1567 660 1641 turpes
674 1562 821 1641 probibet
835 1568 888 1620 tua
902 1558 1036 1639 prandia
1050 1579 1189 1637 muscae,

334 1644 428 1707 Alitis
444 1647 572 1706 eximiae
588 1644 684 1705 cauda
697 1647 830 1725 superba
844 1645 913 1704 fuit.
970 1659 972 1662 ·

522 1779 656 1842 LXVlll.
680 1778 780 1858 Goploa
798 1776 931 1838 Ilbodlo.

294 1880 456 1941 Peccantis
470 1875 578 1938 famuli
595 1896 698 1958 pugno
712 1894 753 1935 ne
768 1881 898 1956 percute
915 1874 1048 1950 dentes3

337 1964 429 2024 Clara
441 1961 569 2022 Rhodos
583 1969 704 2041 coptam
721 1979 809 2037 quarn
826 1960 884 2019 tibi
897 1959 982 2018 misit
997 1957 1085 2020 edat.

503 2093 609 2151 LXlX.
632 2093 766 2172 Priapus
780 2093 952 2175 siligineus.

293 2193 327 2252 Si
340 2192 385 2251 via
401 2206 470 2248 esse
484 2195 585 2264 satur,
606 2194 746 2248 nostrum
759 2196 851 2270 potes
868 2207 936 2250 esse
951 2189 1121 2271 Priapum

334 2274 402 2356 ipsa
414 2271 491 2332 licet
504 2270 596 2332 rodas
610 2273 752 2352 inguina,
773 2294 870 2355 purus
887 2275 960 2335 eris.

604 2407 698 2468 LXX.
720 2408 848 2469 Porcus.

293 2506 355 2567 late
370 2507 428 2566 tibi
442 2504 537 2565 faciet
550 2504 632 2565 bona
648 2503 823 2564 Saturnalia
841 2522 971 2583 porcus,

334 2592 420 2652 lnter
435 2588 611 2670 spumantes
625 2587 699 2649 ilice
713 2594 820 2669 pastas
836 2607 936 2667 apros.

479 2722 585 2783 LXXl.
610 2722 800 2784 Mmcare'um
814 2723 972 2783 bubulum.

292 2820 425 2881 Sordida
439 2821 466 2879 si
480 2821 558 2879 ilavo
574 2821 671 2879 inerit
686 2821 743 2880 tibi
757 2820 887 2899 pulvere
900 2821 1014 2896 restis,

311 2932 314 2936 ·
335 2901 469 2981 Colligat
482 2904 564 2963 bunc
578 2905 665 2963 tenui
679 2906 812 2965 verbere
826 2902 922 2964 cauda
937 2899 1028 2965 levis.

582 3036 702 3097 LXXll.
728 3039 874 3100 Botulus.

295 3135 355 3212 Qui
368 3137 453 3195 venit
466 3134 591 3196 botulus
606 3135 726 3196 mediae
740 3138 800 3197 tibi
813 3143 956 3216 tempore
971 3137 1123 3203 brumae.

334 3219 460 3280 Saturni
474 3227 594 3300 septem
610 3226 738 3280 venerat
752 3229 823 3281 ante
838 3220 916 3280 dies.

563 3354 696 3416 LXXlll.
720 3355 890 3417 Psittacus.

289 3452 443 3513 Psittacus
458 3454 573 3513 avobis
587 3452 716 3514 aliorum
731 3454 855 3512 nomina
871 3452 972 3512 disco:

330 3538 400 3597 lloc
413 3537 509 3599 didici
521 3556 580 3617 per
595 3556 644 3598 me
659 3535 766 3597 dicere
785 3536 919 3614 Caesar,
940 3552 1011 3597 ove.
