3434 4575
546 455 885 517 EPIGRAMMATON
896 455 973 519 Llll.
990 455 1056 520 Vll.

752 656 848 720 XCV.
918 664 921 670 ’

367 774 482 832 Bruma
496 776 545 831 est
559 777 592 830 et
604 771 688 849 riget
700 769 847 830 horridus
863 771 1053 854 December,

367 855 474 916 Audes
485 862 520 915 tu
533 861 637 914 tamen
653 851 759 914 osculo
774 853 869 914 nivali

368 941 483 1000 Omnes
499 940 604 1000 obvius
618 939 691 998 hinc
708 944 741 998 et
753 939 826 998 hinc
840 945 968 1018 tenere,

367 1025 410 1085 nt
423 1031 536 1102 totam,
558 1023 655 1101 Line,
675 1024 797 1082 basiare
811 1023 947 1084 Romam.

345 1107 451 1183 5de
463 1108 564 1188 possis
582 1107 762 1186 graviusque
776 1109 958 1187 saeviusque

366 1192 536 1251 Percussus
549 1191 654 1250 facere
670 1196 762 1269 atque
777 1192 980 1252 verberatus?

367 1277 436 1334 Hoc
452 1293 502 1334 me
517 1275 636 1353 frigore
649 1275 751 1334 basiet
762 1293 823 1333 uec
835 1295 927 1349 uxor,

365 1358 491 1420 Blandis
506 1358 570 1418 filis
584 1377 643 1418 nec
658 1357 745 1417 rudis
761 1356 895 1419 labellis.

366 1441 430 1502 Sed
446 1448 480 1502 tn
496 1441 616 1502 dulcior
631 1440 895 1520 elegantiorque,'

323 1527 460 1591 locrius
473 1525 570 1585 livida
582 1527 711 1585 naribus
724 1526 842 1585 caninis

364 1609 530 1690 Dependet
544 1608 659 1687 glacies
672 1610 817 1690 rigetque
831 1610 944 1688 barba,

366 1693 495 1770 Qualem
510 1693 671 1753 forficibus
685 1694 776 1752 metit
790 1694 908 1772 supinis

365 1778 489 1838 Tonsor
502 1778 656 1856 Cinyphio
672 1774 754 1836 cilix
766 1777 887 1837 marito.

365 1862 498 1922 Centum
513 1878 679 1920 occurrere
693 1858 773 1919 malo
790 1858 991 1941 cunnilingls‚

322 1946 403 2008 15Et
418 1944 543 2005 Gallum
557 1946 651 2004 timeo
666 1945 766 2003 miuus
779 1949 951 2007 recentem.

317 2075 319 2077 -
364 2031 467 2105 Quare
481 2030 509 2089 si
521 2030 580 2089 tibi
597 2046 706 2089 sensus
722 2033 771 2087 est
783 2026 964 2108 pudorque,

362 2114 536 2191 Hibernas,
557 2113 653 2192 Line,
674 2112 880 2188 basiationes,

362 2197 397 2257 ln
411 2215 548 2257 mensem
561 2216 638 2277 rogo
653 2196 781 2258 differas
794 2193 947 2276 Aprilem.

764 2331 873 2395 xcvi.

363 2442 514 2504 Conditus
528 2445 579 2503 hic
594 2464 651 2522 ego
667 2464 733 2503 sum
746 2444 834 2504 Bassi
848 2443 956 2524 dolor,
977 2445 1111 2507 Urbicus
1126 2448 1244 2525 infans,

407 2528 465 2588 (lui
480 2546 576 2606 genus
591 2536 624 2588 et
640 2546 754 2587 nomen
768 2528 898 2588 maxima
911 2529 1009 2589 Roma
1024 2529 1121 2591 dedit.

364 2610 425 2670 Sex
438 2612 514 2671 mihi
530 2611 569 2671 de
584 2614 683 2692 prima
698 2608 829 2671 deerant
841 2612 1009 2673 trieteride
1023 2633 1162 2694 menses,

403 2695 567 2776 Ruperunt
579 2697 712 2755 tetricae
728 2714 796 2753 cum
809 2693 888 2754 mala
901 2714 998 2776 pensa
1013 2696 1099 2761 deae.

341 2778 449 2854 5Quid
463 2781 601 2860 species,
624 2778 698 2858 quid
711 2776 818 2857 lingua
831 2778 924 2856 mihi,
947 2780 1022 2858 quid
1035 2782 1155 2862 profuit
1174 2783 1280 2843 aetas?
1323 2802 1327 2811 ·

404 2862 450 2922 Da
463 2863 604 2924 lacrimas
618 2860 753 2940 tumulo,
777 2862 830 2941 qui
843 2860 924 2941 legis
939 2864 1014 2943 ista,
1036 2884 1115 2928 meo.

363 2946 414 3007 Sic
429 2946 467 3007 ad
483 2947 652 3025 Lethaeas,
675 2948 736 3007 nisi
748 2944 883 3006 Nestore
899 2948 1014 3028 serius,
1034 2949 1130 3010 undas

403 3031 472 3091 Non
490 3039 557 3111 eat,
577 3034 697 3114 optabis
713 3049 805 3110 quem
820 3048 986 3111 superesse
999 3035 1068 3097 tibi.

735 3169 857 3230 xcvii.

360 3278 449 3339 Nosti
464 3280 490 3337 si
505 3281 586 3339 bene
602 3279 760 3357 Caesium,
782 3278 910 3357 libelle,

359 3363 529 3422 Montanae
544 3361 638 3420 decus
652 3362 800 3422 Umbriae
815 3363 977 3439 Sabinum,

360 3443 434 3503 Auli
448 3444 632 3523 municipem
646 3446 708 3504 mei
722 3442 890 3522 Pudentis,

359 3524 410 3585 lili
423 3533 458 3586 tu
473 3526 560 3587 dabis
574 3527 651 3586 haec
666 3525 716 3587 vel
732 3533 891 3607 occupato.

337 3611 481 3671 blustent
494 3610 578 3670 mille
592 3609 669 3672 licet
684 3618 890 3693 premantque
906 3629 1015 3690 curae,

359 3694 481 3755 Nostris
496 3696 680 3756 carminibus
695 3704 798 3757 tamen
812 3697 940 3759 vacabit.
