3434 4575
756 460 800 520 M.
819 459 910 520 VAL.
927 457 1154 519 MAR'I'IALIS

924 659 989 722 XL.

519 775 577 850 Qui
593 773 679 835 ducis
694 771 795 833 voltus
813 778 845 832 et
863 793 924 833 non
938 772 1019 852 legis
1033 769 1093 832 ista
1109 770 1264 850 libenter,

560 859 708 918 Omnibus
722 856 876 935 invideas,
898 854 1011 936 livide,
1033 875 1123 916 nemo
1139 857 1206 915 tibi.

917 991 994 1051 XLI.

517 1104 660 1164 Urbanus
674 1106 749 1182 tibI,
772 1104 907 1182 Caecili,
928 1104 1052 1164 videris.

517 1188 585 1247 Non
601 1207 650 1266 es,
673 1188 767 1248 crede
782 1191 866 1250 mihi.
900 1187 981 1265 Quid
999 1189 1095 1267 ergo?
1117 1207 1227 1266 verna,

518 1273 587 1331 Hoc
603 1271 685 1351 quod
700 1273 940 1332 transtiberinus
957 1271 1146 1349 ambulator,

518 1356 578 1432 Qui
592 1354 742 1436 pallentia
757 1355 938 1435 sulphurata
952 1356 1061 1415 fractis

498 1439 681 1499 5Permutat
692 1441 818 1516 vitreis,
841 1438 924 1516 quod
938 1441 1056 1499 otiosae

518 1521 636 1584 Vendit
651 1524 704 1600 qui
717 1520 872 1582 madidum
888 1525 971 1582 cicer
986 1541 1136 1599 coronae,

519 1605 609 1682 Quod
622 1612 725 1665 custos
740 1605 943 1685 dominusque
957 1607 1150 1686 viperarum,

518 1689 608 1765 Quod
622 1688 700 1750 viles
714 1692 805 1771 pueri
820 1689 1018 1768 salariorum,

518 1773 608 1849 Quod
621 1774 769 1834 fumantia
785 1777 837 1851 «lui
851 1773 983 1834 tomacla
999 1794 1108 1834 raucus

476 1870 510 1919 10
519 1858 708 1919 Circumfert
722 1857 837 1939 tepidis
853 1878 945 1920 cocus
958 1860 1100 1939 popinis,

520 1942 610 2018 Quod
624 1961 687 2002 nou
702 1944 835 2023 optimus
850 1944 976 2003 urbicus
991 1948 1099 2023 poeta,

519 2026 610 2102 Quod
623 2025 662 2086 de
678 2026 815 2087 Gadibus
829 2028 989 2106 improbus
1003 2026 1161 2105 magister,

520 2110 609 2186 Quod
624 2112 721 2170 bucca
735 2118 784 2171 est
800 2109 896 2170 vetuli
912 2110 998 2170 dicax
1013 2107 1144 2170 clnaedi.

519 2196 621 2270 Quare
638 2194 746 2254 desine
761 2196 820 2253 iam
834 2195 893 2253 tibi
907 2194 1009 2254 rideri

476 2277 607 2355 leuod
621 2275 681 2339 soli
694 2280 768 2356 tibi,
789 2277 924 2358 CaeciII‚
945 2278 1078 2357 videris,

523 2364 581 2438 Qui
597 2363 735 2423 Gabbam
750 2362 865 2424 salibus
880 2364 941 2423 tuis
957 2370 990 2423 et
1004 2364 1104 2443 ipsum

520 2448 633 2507 Posses
648 2448 774 2507 vincere
790 2447 931 2508 Tettium
946 2443 1113 2508 Cuballum.

518 2531 587 2591 Non
606 2532 776 2610 cuicunque
791 2530 895 2591 datum
910 2531 1089 2592 esthabere
1104 2547 1225 2587 nasum:

518 2615 612 2675 Ludit
627 2617 679 2693 qui
694 2614 807 2675 stolida
820 2616 1027 2695 procacitate,

476 2699 585 2761 20Non
601 2705 650 2759 est
664 2697 788 2760 'l‘ettin's
802 2697 877 2778 ille,
899 2697 955 2759 sed
971 2694 1116 2758 caballus.

914 2848 1005 2909 XLII.
1059 2895 1061 2900 .

520 2962 667 3040 Coniugia
684 2960 821 3021 audisset
834 2961 932 3020 fatum
947 2979 1015 3019 cum
1029 2958 1140 3017 Porcia
1153 2958 1243 3016 Bruti

559 3046 602 3106 Et
617 3047 774 3106 subtracta
788 3046 847 3104 sibi
863 3049 1032 3123 quaereret
1050 3062 1133 3100 arma
1147 3039 1253 3118 dolor,

519 3127 685 3208 „Nondum
697 3127 807 3189 scitis“
821 3129 864 3186 aIt
878 3133 1032 3205 „mortem
1047 3144 1109 3184 non
1123 3142 1216 3205 posse
1231 3123 1362 3203 negarit

560 3211 779 3289 credideram,
798 3211 872 3270 fatis
886 3212 946 3270 boc
961 3208 1103 3270 docuisse
1117 3209 1271 3287 patrem.“

498 3298 606 3357 allinit
621 3303 653 3356 et
668 3294 815 3355 ardentes
829 3293 918 3354 avido
934 3295 1014 3354 bibit
1028 3311 1084 3352 ore
1098 3288 1236 3352 favillas:

560 3383 668 3441 Inunc
683 3385 716 3438 et
730 3378 865 3457 ferrum,
887 3380 979 3437 turba
997 3373 1144 3454 molesta,
1163 3395 1251 3455 nega.

906 3512 1010 3574 XLIII.

518 3624 570 3682 Bis
585 3623 642 3682 tibi
656 3624 770 3684 triceni
784 3624 914 3704 fuimus,
936 3626 1099 3703 Manciae,
1120 3625 1221 3683 vocati

560 3708 602 3767 lut
615 3710 749 3789 positum
764 3717 813 3770 est
826 3712 917 3773 nobis
931 3701 977 3771 nil
991 3710 1068 3771 bere
1082 3716 1209 3789 praeter
1223 3728 1348 3790 aprum,
