3434 4575
274 312 339 376 242
578 356 580 360 .
598 309 643 371 Μ.
660 309 750 370 VAL.
766 307 993 369 MARTIALIS

403 461 520 521 Tristia
535 479 694 521 servorum
709 461 850 540 stigmata
865 460 951 521 delet
965 462 1065 536 Eroa;

358 544 613 606 Enterocelarum
629 545 731 605 fertur
744 543 921 605 Podalirius
933 544 1086 605 Hermes:

404 630 463 705 Qui
478 635 566 689 canet
582 633 690 709 ruptos
706 627 756 688 dic
769 630 862 707 mihi,
884 627 990 707 Galle,
1011 630 1082 708 quis
1099 629 1175 691 eati

749 763 839 825 LVII.

359 862 492 941 Argenti
505 860 617 923 libram
632 863 795 936 mittebam
816 862 899 922 facta
913 861 1029 922 relibra
1044 869 1112 940 eat,

402 945 465 1005 Sed
478 947 606 1028 piperis.
636 947 729 1006 'lariti
744 965 806 1005 non
823 964 908 1024 emo,
927 945 1038 1024 Sexte,
1060 947 1167 1026 piper.

743 1078 847 1139 LVIII.

359 1176 492 1235 Anxuris
508 1176 656 1255 aequorei
668 1174 824 1256 placidos,
844 1174 1014 1253 Frontino,
1035 1195 1186 1247 recessus

399 1260 441 1320 nt
454 1261 582 1340 propius
596 1259 684 1319 Baias
698 1259 902 1336 litoreamque
917 1256 1056 1339 domum,

358 1343 399 1403 Et
415 1341 497 1420 qnod
511 1344 694 1402 inhumanae
709 1361 820 1402 cancro
835 1343 976 1403 fervente
993 1342 1120 1410 cicadae

400 1426 468 1485 Non
483 1444 598 1486 novere
613 1442 736 1504 nemun,
758 1427 981 1504 flumIneoaque
995 1424 1081 1487 lacus

336 1510 437 1570 eoum
454 1507 552 1589 colui,
575 1508 681 1569 doctas
695 1516 796 1570 tecum
812 1508 973 1569 celebrare
987 1512 1115 1570 vacabat

400 1590 557 1672 Hermae,
578 1613 660 1654 nunc
673 1614 730 1654 nos
746 1595 873 1653 maxima
887 1593 983 1653 Roma
997 1595 1084 1655 terit.

358 1677 419 1737 Hic
434 1678 509 1738 mihi
524 1678 644 1758 qnando
661 1678 727 1738 dies
741 1697 826 1737 meus
841 1677 912 1737 eat?
933 1679 1083 1740 iactamur
1098 1680 1132 1738 iu
1148 1677 1214 1740 alto

401 1762 496 1822 Urbis
511 1764 590 1822 etin
607 1761 708 1823 sterili
723 1763 784 1822 vita
797 1759 912 1821 labore
921 1762 1022 1841 perit,

358 1846 441 1905 Dura
456 1848 622 1908 suburbani
637 1845 708 1906 dum
722 1847 829 1924 iugera
842 1846 993 1924 paacImua
1009 1847 1076 1925 agri

316 1941 350 1993 lo
399 1930 588 2009 Vlcinoaqne
602 1930 677 2007 tibi,
699 1935 804 1989 nancte
818 1929 963 2004 Quidue,
982 1926 1076 1988 lares.

359 2013 422 2073 Sed
437 2033 499 2073 non
513 2013 596 2073 solus
611 2020 690 2071 amat
706 2014 757 2091 qni
771 2018 863 2072 nocte
879 2012 991 2091 dicque
1006 2013 1191 2092 frequentat

399 2097 534 2174 Limina,
554 2114 613 2154 nec
625 2100 724 2155 vatem
738 2093 812 2154 talia
827 2095 935 2155 damna
950 2095 1073 2159 decent.

358 2181 420 2239 Per
433 2177 609 2239 veneranda
622 2179 697 2238 mihi
711 2178 869 2239 Musarum
883 2200 985 2260 sacra,
1006 2199 1065 2261 per
1081 2199 1193 2241 omnes

399 2262 468 2322 Iuro
484 2261 575 2342 deos,
599 2267 632 2323 et
644 2280 705 2322 non
722 2261 878 2325 officiosus
893 2283 967 2324 amo.

753 2397 830 2457 LIX.

358 2496 545 2575 Consumpta
559 2501 607 2555 eat
621 2514 682 2555 uno
697 2496 724 2555 si
737 2493 882 2555 lemmate
896 2495 1021 2576 pagina,
1042 2499 1160 2557 transis

398 2580 440 2640 Et
453 2580 595 2639 breviora
608 2580 683 2658 tibi,
701 2598 762 2638 nou
777 2576 907 2638 meliora
920 2577 1054 2659 placent.

356 2665 448 2724 Dives
464 2670 497 2724 et
512 2682 550 2723 ex
565 2664 647 2724 omni
662 2664 762 2743 posita
776 2668 825 2721 est
837 2663 989 2722 instructa
1003 2662 1137 2724 macello

401 2748 485 2809 Cena
500 2748 573 2824 tibi,
595 2745 652 2807 sed
667 2754 700 2806 te
714 2751 828 2805 mattea
845 2745 910 2805 oola
922 2747 1013 2806 iuvat.

334 2831 426 2892 5Non
441 2850 516 2909 opus
532 2836 581 2890 cst
595 2830 684 2889 nobis
699 2831 822 2890 nimium
836 2828 958 2890 lectore
973 2829 1099 2908 guloao;

398 2916 489 2974 Hunc
505 2912 591 2991 volo,
612 2932 674 2973 non
692 2914 746 2973 liat
763 2915 815 2993 qui
831 2915 898 2973 sine
912 2931 992 2994 pane
1007 2920 1103 2976 satur.

759 3047 822 3106 LX.

354 3146 423 3205 Iura
441 3145 535 3205 trium
548 3100 640 3225 petiit
654 3164 671 3203 a
685 3145 818 3205 Caesare
834 3141 1054 3223 disclpulorum

399 3230 548 3290 Asauetus
563 3246 686 3310 semper
699 3228 816 3289 Munna
832 3226 946 3288 docere
960 3225 1046 3288 duur.

748 3362 825 3423 LXI.

353 3460 414 3520 llic
432 3462 576 3523 leatInata
589 3459 759 3538 requiescit
771 3458 903 3517 Erotion
918 3458 1040 3535 umbra,

396 3545 533 3606 Crimine
548 3563 638 3624 quam
651 3543 708 3603 fati
723 3548 809 3602 sexta
821 3543 957 3629 peremit
970 3541 1080 3605 hiemo.
