3434 4575
365 483 385 544 ‘t
698 496 732 542 n.
751 496 823 543 run.
843 495 1030 544 uuvuusuus

368 639 506 698 l’atrioios
528 655 629 695 ouures
652 636 759 714 opibus
781 655 865 714 quum
888 645 1032 713 provocet
1052 655 1141 712 unus,

367 720 431 794 Quo
456 719 592 780 tondente
615 721 713 798 grauis
736 721 832 779 iuueni
853 719 921 779 mihi
944 719 1034 780 barba
1057 721 1195 786 sonabat:
1324 730 1357 782 to

367 805 457 878 Quum
482 823 551 885 pars
573 803 704 864 Niliacae
731 803 844 882 plebis,
873 822 957 883 quum
981 822 1069 863 verna
1093 802 1205 883 canopi

367 888 533 968 Crispinus,
556 887 659 964 Tyrias
682 889 802 948 humero
826 898 985 948 revocante
1010 889 1161 965 lacernas,

369 974 496 1035 Ventilet
518 975 659 1034 aestiuum
682 974 778 1050 digitis
801 973 971 1033 sudantibus
994 991 1110 1048 aurum,

368 1058 430 1118 Nec
453 1058 577 1118 sufferre
600 1067 687 1136 queat
707 1058 826 1116 maioris
848 1057 979 1134 pondera
1001 1075 1148 1134 gemmae:

276 1164 278 1167 ·
365 1142 493 1203 Difficile
518 1152 564 1202 est
585 1143 702 1201 satiram
722 1159 779 1200 non
802 1141 946 1202 scribere.
984 1141 1056 1201 Nam
1076 1143 1140 1222 quis
1164 1144 1280 1221 iniquae
1324 1155 1357 1206 30

365 1227 434 1286 Tam
457 1227 572 1305 patiens
591 1224 687 1301 urbis,
711 1235 766 1285 tam
790 1225 921 1302 ferreus,
947 1234 975 1285 ut
997 1235 1096 1286 teneat
1117 1245 1166 1302 se,

366 1311 513 1371 Causidici
534 1327 610 1369 nova
634 1328 719 1388 quum
741 1311 840 1369 veniat
862 1309 968 1371 lectica
991 1308 1133 1370 Mathonis

366 1395 452 1456 Plena
477 1397 557 1474 ipso:
580 1404 646 1472 post
668 1394 744 1454 hunc
766 1396 863 1471 magni
885 1394 1000 1456 delator
1023 1396 1106 1454 amici

366 1480 401 1540 llt
423 1481 480 1539 cito
505 1489 638 1558 rapturus
661 1478 697 1538 de
720 1477 871 1538 nobilitate
892 1495 1011 1539 comesa

366 1563 450 1638 Quod
468 1572 616 1642 superest,
632 1581 717 1642 quem
730 1561 826 1622 llassa
842 1565 933 1639 timet,
951 1582 1036 1644 quem
1052 1581 1171 1623 munere
1188 1565 1285 1644 palpat
1324 1576 1357 1629 ³5

366 1647 457 1708 Carus
480 1657 510 1708 et
532 1666 548 1706 a
569 1647 684 1724 trepido
708 1645 849 1721 Thymele
873 1649 1024 1708 summissa
1045 1647 1160 1713 latium

365 1739 457 1807 Quum
481 1742 510 1792 te
534 1740 749 1805 summoveant,
774 1733 821 1809 qui
843 1740 1015 1793 testamenta
1036 1742 1184 1791 merentur

366 1817 525 1894 Noctibus,
548 1818 576 1876 in
599 1817 714 1877 coelum
738 1833 812 1895 quos
836 1816 934 1876 evehit
957 1819 1064 1896 optima
1089 1817 1189 1876 summi

366 1901 446 1963 Nunc
467 1904 512 1962 via
533 1917 710 1978 processus,
732 1900 849 1962 vetulae
870 1903 970 1962 vesica
991 1897 1117 1962 beatae?
1245 1966 1249 1971 ,

366 1987 515 2047 [luciolam
539 1985 709 2046 Proculeius
732 1985 836 2060 habet,
861 1986 914 2047 sed
938 1984 1015 2047 Gillo
1038 1986 1195 2062 deuncem,
1325 1997 1359 2050 to

366 2072 466 2131 Partes
490 2072 615 2151 quisque
639 2088 724 2145 suas,
748 2070 782 2129 ad
806 2087 969 2130 mensuram
992 2071 1117 2147 inguinis
1137 2070 1234 2130 heres.

365 2157 499 2232 Accipiat
521 2172 592 2214 sane
614 2153 781 2213 mercedem
803 2155 953 2230 sanguinis
977 2163 1006 2213 et
1028 2155 1072 2213 sic

364 2239 494 2314 Palleat,
518 2248 548 2299 ut
568 2238 651 2298 nudis
675 2238 784 2317 pressit
803 2239 852 2318 qui
876 2236 1006 2299 calcibus
1030 2256 1169 2317 anguem,

365 2325 422 2384 dut
443 2323 663 2402 Lugdunensem
688 2322 789 2383 rhetor
810 2322 938 2383 dicturus
961 2325 996 2384 ad
1020 2323 1113 2383 aram'

365 2408 438 2483 Quid
462 2408 603 2482 aeleram,
628 2417 733 2487 quauta
757 2407 866 2467 siccum
888 2408 969 2467 iecur
986 2409 1087 2468 ardeat
1108 2410 1166 2482 ira,
1325 2420 1358 2472 ts

364 2493 456 2567 Quum
474 2493 612 2569 populum
633 2492 774 2570 gregibus
797 2493 932 2551 comitum
956 2494 1060 2570 premit
1081 2492 1126 2552 hic
1149 2491 1294 2569 spoliator

338 2653 340 2656 v
365 2575 468 2654 Pupilli
491 2577 665 2653 prostantis,
690 2584 719 2634 et
741 2576 788 2636 hic
811 2576 959 2635 damnatus
982 2578 1057 2636 inani

364 2660 473 2721 ludicio
497 2660 580 2739 (quid
605 2661 679 2720 enim
701 2660 791 2720 salvis
815 2660 929 2721 inlamia
952 2658 1109 2740 nummisl)

364 2742 438 2805 Exul
470 2744 507 2805 ab
536 2753 639 2805 octava
661 2741 768 2805 Maritus
789 2744 860 2804 bibit
884 2753 913 2804 et
935 2745 1037 2806 fruitur
1059 2744 1102 2805 dis

364 2827 460 2888 lratis:
484 2837 512 2887 at
533 2837 562 2887 tu
582 2830 687 2889 uictrix
709 2830 859 2908 provincia
883 2829 999 2907 ploras!
1326 2844 1363 2893 oo.

364 2914 443 2973 llaec
465 2928 522 2989 ego
546 2930 602 2971 non
622 2913 738 2973 credam
760 2914 908 2974 Venusina
929 2914 1015 2991 digna
1031 2913 1174 2974 lucerna?

363 2998 442 3056 llaec
465 3014 522 3073 ego
545 3014 602 3056 non
623 2996 752 3075 agitem?
776 2998 829 3059 sed
849 2999 915 3076 quid
937 3000 1030 3076 magis
1052 2996 1221 3072 Heracleas,

363 3081 419 3141 dut
442 3079 636 3156 Diomedeas,
661 3092 708 3141 aaut
732 3085 868 3159 mugitum
902 3083 1057 3158 labyrinthi

363 3165 399 3225 llt
420 3182 499 3223 mare
523 3182 694 3242 percussum
716 3183 809 3244 puero
830 3166 1000 3245 labrumque
1022 3165 1186 3240 volantem,

362 3250 454 3323 Quum
478 3248 547 3309 leno
567 3250 693 3326 accipiat
713 3251 830 3311 moechi
852 3250 944 3327 bona,
966 3253 991 3311 si
1015 3251 1146 3329 capiendi
1324 3265 1357 3314 ss

362 3334 408 3393 lus
432 3333 540 3394 nullum
564 3335 664 3408 uxori,
688 3335 792 3394 doctus
815 3345 954 3412 spectare
978 3335 1113 3409 lacunar,

360 3418 474 3478 Doctus
495 3427 525 3478 et
546 3417 582 3478 ad
605 3418 726 3478 calicem
751 3418 882 3496 vigilanti
904 3428 1032 3479 stertere
1051 3435 1138 3484 naso;

361 3501 454 3575 Quum
478 3503 521 3562 las
543 3521 611 3562 esse
631 3512 714 3580 putet
731 3519 832 3562 vcuram
855 3521 976 3581 sperare
1001 3501 1146 3578 cohortis,

362 3585 416 3658 Qui
440 3585 516 3646 bona
541 3587 659 3646 donavit
681 3587 874 3664 praesepibus
898 3596 927 3647 et
950 3596 1030 3646 caret
1052 3587 1127 3645 omni

361 3668 499 3729 llaiorum
522 3689 631 3748 censu,
654 3671 721 3731 dum
744 3670 880 3749 pervolat
903 3671 1069 3741 axeoitato
1323 3682 1357 3732 uo

361 3752 525 3813 Flaminiam
547 3773 621 3832 puer
642 3754 842 3823 Automedom
862 3774 926 3821 uam
948 3754 1011 3815 lora
1032 3755 1150 3815 tenebat
