3434 4575
360 466 423 531 258
687 467 731 529 M.
748 466 840 529 VAL.
857 466 1084 528 MARTIALIS

444 621 540 679 Poma
558 618 641 700 quod
654 620 787 680 hiberna
802 622 1042 680 maturescentia
1057 639 1167 701 capsa,

486 704 609 764 Arbore
628 703 711 784 quod
725 723 820 764 verna
834 701 1011 764 luxuriosus
1025 723 1115 783 ager;

422 790 491 850 5De
507 788 656 849 Palatinis
671 789 812 849 dominae
828 788 911 866 quod
929 788 1036 848 Serica
1050 786 1186 869 praelis,

487 873 600 933 Sucina
614 874 752 951 virginea
767 872 851 951 quod
865 871 1005 951 regelata
1021 891 1128 947 manu3

444 958 603 1036 Amphora
618 955 700 1036 quod
718 958 818 1035 nigri,
840 956 896 1016 sed
910 955 1005 1035 longe
1020 957 1139 1035 fracta,
1160 957 1315 1039 Falerni,

487 1042 575 1118 Quod
592 1042 645 1120 qui
662 1041 799 1101 Sicanias
814 1039 936 1101 detinet
949 1041 1059 1101 hortus
1074 1058 1148 1121 apes
1156 1064 1166 1116 3

445 1125 536 1201 Quod
552 1126 655 1186 Cosmi
670 1123 817 1185 redolent
832 1123 985 1185 alabastra
999 1125 1124 1205 locique
1140 1125 1292 1206 deorum,

406 1221 437 1271 10
488 1209 579 1286 Quod
594 1208 685 1269 modo
701 1208 847 1269 divitibus
860 1207 948 1289 lapsa
962 1228 1076 1269 corona
1091 1212 1202 1270 comis:

445 1293 574 1372 Singula
588 1294 662 1374 quid
677 1291 799 1353 dicam?
821 1313 885 1353 non
901 1300 972 1353 sunt
985 1296 1078 1369 satis;
1099 1294 1201 1354 omnia
1215 1298 1333 1358 misce:

487 1380 556 1438 Hoc
570 1380 711 1457 fragrant
725 1380 816 1457 pueri
830 1378 915 1437 basia
929 1396 1018 1437 mane
1033 1380 1104 1440 mei.

445 1461 534 1522 Scire
550 1464 636 1542 cupis
650 1463 787 1521 nomen?
806 1463 833 1521 si
850 1467 982 1543 propter
999 1463 1099 1540 basia,
1120 1460 1237 1524 dicam:

487 1547 607 1608 iurasti.
636 1546 769 1605 Nimium
784 1546 882 1623 scire,
898 1546 1033 1624 Sabine,
1056 1548 1151 1627 cupis.

858 1679 910 1741 lX.

448 1792 559 1854 Clarus
574 1793 688 1854 fronde
703 1795 798 1872 lovis,
820 1795 948 1854 Romani
962 1795 1043 1854 fama
1060 1796 1221 1875 cothurni,

490 1878 595 1959 Spirat
609 1878 743 1960 Apellea
757 1877 900 1938 redditus
916 1884 983 1938 arte
997 1878 1130 1943 Memor.

864 2029 902 2091 X.

448 2140 589 2203 Contulit
603 2141 642 2202 ad
657 2143 766 2202 satiras
781 2144 919 2221 ingentia
932 2148 1060 2222 pectora
1076 2142 1209 2203 Turnus.

489 2229 552 2289 Gur
566 2245 628 2285 non
643 2226 681 2285 ad
695 2227 845 2285 Memoris
861 2226 1018 2287 carmina?
1048 2226 1161 2287 Frater
1177 2232 1257 2291 erat.

449 2470 560 2550 Tolle,
582 2469 678 2553 puer,
699 2470 813 2534 calices
828 2473 988 2554 tepidique
1004 2478 1176 2534 toreumata
1190 2471 1258 2536 Nili

486 2558 529 2617 Et
542 2558 618 2617 mihi
632 2576 741 2617 secura
754 2557 865 2637 pocula
875 2557 969 2618 ‘trade
984 2577 1090 2635 manu,

444 2640 537 2702 Trita
551 2648 673 2722 patrum
685 2640 781 2703 labris
797 2649 829 2703 et
842 2649 933 2702 tonso
948 2662 1025 2722 pura
1038 2642 1197 2717 ministr03

487 2728 617 2787 Anticus
631 2729 746 2788 mensis
760 2729 945 2788 restituetur
958 2729 1067 2786 honor.

423 2811 496 2872 5Te
510 2818 620 2893 potare
636 2810 727 2872 decet
742 2830 876 2891 gemma,
899 2812 952 2891 qui
966 2810 1112 2871 Mentora
1125 2797 1245 2888 frangis

451 2950 455 2957 .
488 2897 523 2955 ln
537 2896 696 2976 scaphium
712 2898 876 2974 moechae,
900 2893 1136 2975 Sardanapalle,
1158 2899 1241 2955 tuae.

852 3030 918 3094 Xll.

396 3123 399 3128 ⁸
448 3141 497 3201 lus
512 3142 570 3200 tibi
584 3147 726 3202 natorum
742 3141 793 3202 vel
809 3149 945 3223 septem,
969 3142 1075 3220 Zoilo,
1099 3140 1207 3219 detur,

488 3226 567 3285 Dum
581 3233 711 3286 matrem
725 3245 815 3287 nemo
833 3225 889 3287 det
902 3229 978 3306 tibi,
998 3245 1088 3287 nemo
1102 3230 1236 3307 patrem.

845 3363 923 3425 Xlll.

446 3472 591 3554 Quisquis
605 3473 786 3536 Flaminiam
800 3477 895 3554 teris,
917 3477 1031 3554 viator,

443 3558 515 3618 Noli
528 3557 635 3620 nobile
650 3561 825 3641 praeterire
842 3581 986 3621 marmor.

444 3643 539 3703 Urbis
553 3643 686 3705 deliciae
703 3644 847 3724 salesque
862 3644 941 3723 Nili,

445 3728 506 3788 Ars
522 3735 555 3788 et
569 3731 684 3808 gratia,
707 3730 791 3791 lusus
807 3737 840 3790 et
854 3728 1012 3809 voluptas,
