3434 4575
371 461 413 526 oa
699 465 1097 561 ιιιιιιιιιιιιιιιι

455 615 589 677 Deciens
605 617 736 677 Sabinus
751 617 944 698 alterumque
960 619 1132 697 Semnum

453 701 501 761 Ex
516 699 625 761 inaulia
638 701 805 781 fundisque
816 705 946 763 triciens
960 703 1096 784 eoldum,

434 785 503 845 {alix
516 804 632 866 pecore
647 787 782 847 redeunt
795 795 845 847 ter
861 787 980 848 ducem
994 789 1197 852 Parmenei:“

456 869 547 929 Totis
562 870 687 947 dicbus,
709 870 804 948 Afer,
824 872 884 931 hoc
899 873 975 933 mihi
989 893 1096 933 narras

455 954 498 1014 nt
512 959 605 1014 teneo
621 954 733 1015 melina
746 956 821 1032 iata,
844 975 935 1034 quam
953 975 1054 1016 meum
1069 972 1193 1018 nomeu:

454 1037 605 1099 Numero·
620 1047 746 1120 oportet
763 1036 899 1118 aliquid,
921 1047 957 1099 ut
969 1041 1033 1120 pati
1044 1043 1178 1121 poesim:

456 1121 649 1183 cotidianam
664 1124 759 1183 rcflce
775 1141 919 1183 nauseam
935 1126 1074 1184 nummio.

414 1205 572 1270 coludire
587 1208 700 1286 gratia,
722 1207 817 1285 Alce,
839 1207 901 1267 ista
915 1226 977 1267 nou
991 1227 1126 1288 possum.

808 1370 974 1434 xxxvio

455 1478 559 1559 Galla,
581 1498 674 1558 nega:
692 1483 821 1542 satiatur
835 1501 936 1561 amor,
957 1484 1018 1543 nisi
1031 1483 1142 1562 gaudia
1156 1490 1330 1567 torquente

497 1562 560 1625 Sed
575 1562 642 1623 noll
656 1565 797 1643 nimium,
818 1565 926 1645 Galla,
948 1585 1064 1646 negare
1080 1567 1141 1630 dlu.

822 1733 960 1794 XXXIX.

455 1845 586 1924 Argenti
602 1862 699 1923 genus
714 1865 805 1906 omne
821 1847 1023 1928 comparasti,

453 1930 496 1990 Et
509 1926 592 1989 solua
606 1935 731 1990 veteres
745 1931 895 2011 Myrouoa
910 1935 1010 2008 artea,

454 2011 546 2073 Solua
559 2012 735 2073 Praxitelus
749 2034 870 2074 manum
884 2014 1081 2095 Scopaeque,

454 2095 546 2157 Solu·
563 2096 704 2157 Phidiaci
718 2105 858 2158 toreuma
873 2097 968 2176 caeli,

432 2178 546 2243 oSolua
560 2180 744 2241 Mentoreos
758 2182 853 2242 habeo
867 2181 1000 2243 labores.

453 2262 519 2325 Nec
535 2264 647 2324 denunt
660 2265 718 2325 tibi
731 2283 805 2326 vera
819 2265 980 2343 Gratiana,

453 2348 518 2409 Nec
533 2367 610 2427 quae
626 2347 761 2409 Callaico
775 2349 915 2410 linuntur
930 2370 1022 2427 auro,

454 2430 520 2492 Nec
535 2434 650 2492 mensis
666 2434 827 2515 anaglypta
843 2433 882 2493 tle
897 2435 1046 2515 pateruia.

453 2517 625 2596 Argentum
641 2523 744 2577 tamen
758 2519 842 2578 inter
857 2536 948 2577 omne
962 2518 1075 2594 miror,

413 2601 556 2677 loquare
570 2620 633 2661 non
646 2601 777 2680 habeat,
800 2602 953 2679 Charine,
973 2620 1094 2682 purum.

855 2764 919 2825 XL.

452 2873 541 2932 Atria
555 2873 701 2932 Pisonum
715 2874 838 2933 stabant
852 2893 921 2934 cum
938 2879 1099 2934 stemmate
1113 2879 1180 2934 toto

493 2957 537 3017 Et
551 2955 635 3015 docti
650 2956 788 3016 Senecae
802 2963 853 3017 ter
871 2956 1059 3017 numeranda
1074 2957 1198 3032 domus3

452 3037 659 3100 Praetulimua
674 3041 769 3100 tantia
783 3039 881 3100 solum
895 3048 947 3119 tc,
968 3042 1132 3119 Postume,
1152 3042 1276 3121 regniac

494 3124 618 3205 Pauper
633 3141 701 3183 craa
718 3130 751 3183 ct
768 3142 882 3203 eques,
904 3124 964 3190 aed*
975 3126 1051 3185 mihi
1069 3124 1178 3185 consul
1193 3143 1273 3185 eras.

432 3207 574 3270 5Tecum
588 3212 639 3267 ter
654 3206 749 3267 denae
764 3210 939 3287 numeravi,
959 3209 1122 3287 Postume,
1144 3210 1285 3270 brumaaz

494 3292 671 3355 communie
685 3293 775 3353 nobia
789 3291 889 3354 lectus
902 3301 935 3355 et
948 3312 1026 3354 uuus
1041 3300 1117 3356 erat.

451 3376 513 3437 Iam
530 3376 647 3440 donare
662 3383 769 3458 poten,
791 3378 851 3438 iam
865 3377 1001 3460 perdere
1017 3376 1127 3459 plenus
1142 3378 1313 3455 honorum,

493 3460 611 3541 Largus
627 3481 734 3542 opum:
757 3469 905 3543 expecto,
927 3463 1090 3539 Postume,
1114 3460 1189 3540 quid
1206 3462 1311 3523 faciae.

451 3543 504 3604 Nil
516 3546 609 3624 facia,
632 3552 666 3608 et
678 3566 781 3606 aerum
796 3554 844 3608 eat
859 3545 952 3607 alium
967 3547 1042 3607 mihi
1058 3563 1210 3624 quaerere
1225 3563 1344 3623 regem.

408 3637 443 3692 10
490 3630 575 3709 Hoc,
595 3629 752 3708 Fortuna,
772 3629 900 3712 placet‘l
928 3632 1092 3691 Postumus
1106 3629 1261 3709 imposuit.
