<?xml version="1.0" encoding="UTF-8"?>
<!DOCTYPE html PUBLIC "-//W3C//DTD XHTML 1.0 Transitional//EN"
    "http://www.w3.org/TR/xhtml1/DTD/xhtml1-transitional.dtd">
<html xmlns="http://www.w3.org/1999/xhtml" xml:lang="en" lang="en">
 <head>
  <title>
</title>
<meta http-equiv="Content-Type" content="text/html;charset=utf-8" />
  <meta name='ocr-system' content='tesseract 3.04.00' />
  <meta name='ocr-capabilities' content='ocr_page ocr_carea ocr_par ocr_line ocrx_word'/>
</head>
<body>
  <div class='ocr_page' id='page_1' title='image "./satirarumlibriq00juvegoog_0181.png"; bbox 0 0 3434 4575; ppageno 0'>
   <div class='ocr_carea' id='block_1_1' title="bbox 745 500 938 550">
    <p class='ocr_par' dir='ltr' id='par_1_1' title="bbox 745 500 938 550">
     <span class='ocr_line' id='line_1_1' title="bbox 745 500 938 550; baseline 0.005 -1"><span class='ocrx_word' id='word_1_1' title='bbox 745 501 869 549; x_wconf 76' lang='lat' dir='ltr'>SATIBA</span> <span class='ocrx_word' id='word_1_2' title='bbox 890 500 938 550; x_wconf 78' lang='lat' dir='ltr'>IV.</span> 
     </span>
    </p>
   </div>
   <div class='ocr_carea' id='block_1_2' title="bbox 355 637 1337 1719">
    <p class='ocr_par' dir='ltr' id='par_1_2' title="bbox 355 637 1089 701">
     <span class='ocr_line' id='line_1_2' title="bbox 355 637 1089 701; baseline -0.007 0"><span class='ocrx_word' id='word_1_3' title='bbox 355 640 425 701; x_wconf 84' lang='lat' dir='ltr'>Fert</span> <span class='ocrx_word' id='word_1_4' title='bbox 447 641 553 698; x_wconf 91' lang='lat' dir='ltr'>animus</span> <span class='ocrx_word' id='word_1_5' title='bbox 583 639 694 698; x_wconf 83' lang='lat' dir='ltr'>calidae</span> <span class='ocrx_word' id='word_1_6' title='bbox 717 640 826 699; x_wconf 92' lang='lat' dir='ltr'>iecisse</span> <span class='ocrx_word' id='word_1_7' title='bbox 848 637 962 697; x_wconf 89' lang='lat' dir='ltr'>silentia</span> <span class='ocrx_word' id='word_1_8' title='bbox 987 637 1089 696; x_wconf 88' lang='lat' dir='ltr'>turbae</span> 
     </span>
    </p>

    <p class='ocr_par' dir='ltr' id='par_1_3' title="bbox 355 717 1211 799">
     <span class='ocr_line' id='line_1_3' title="bbox 355 717 1211 799; baseline -0.002 -17"><span class='ocrx_word' id='word_1_9' title='bbox 355 723 507 782; x_wconf 78' lang='lat' dir='ltr'><strong>Maiestate</strong></span> <span class='ocrx_word' id='word_1_10' title='bbox 529 739 637 781; x_wconf 90' lang='lat' dir='ltr'>manus.</span> <span class='ocrx_word' id='word_1_11' title='bbox 674 721 747 795; x_wconf 92' lang='lat' dir='ltr'>Quid</span> <span class='ocrx_word' id='word_1_12' title='bbox 770 722 875 781; x_wconf 90' lang='lat' dir='ltr'>deinde</span> <span class='ocrx_word' id='word_1_13' title='bbox 899 717 1043 799; x_wconf 86' lang='lat' dir='ltr'>loquere?</span> <span class='ocrx_word' id='word_1_14' title='bbox 1067 717 1211 797; x_wconf 76' lang='lat' dir='ltr'><strong><em>Quirites,</em></strong></span> 
     </span>
    </p>

    <p class='ocr_par' dir='ltr' id='par_1_4' title="bbox 355 805 1337 1051">
     <span class='ocr_line' id='line_1_4' title="bbox 355 805 1296 883; baseline -0.001 -17"><span class='ocrx_word' id='word_1_15' title='bbox 355 805 435 882; x_wconf 83' lang='lat' dir='ltr'>Hoc,</span> <span class='ocrx_word' id='word_1_16' title='bbox 459 815 542 883; x_wconf 89' lang='lat' dir='ltr'>puta,</span> <span class='ocrx_word' id='word_1_17' title='bbox 565 826 625 866; x_wconf 89' lang='lat' dir='ltr'>non</span> <span class='ocrx_word' id='word_1_18' title='bbox 644 808 756 867; x_wconf 83' lang='lat' dir='ltr'>iustum</span> <span class='ocrx_word' id='word_1_19' title='bbox 777 815 837 881; x_wconf 83' lang='lat' dir='ltr'>cst,</span> <span class='ocrx_word' id='word_1_20' title='bbox 859 807 937 866; x_wconf 80' lang='lat' dir='ltr'>illud</span> <span class='ocrx_word' id='word_1_21' title='bbox 957 805 1052 880; x_wconf 87' lang='lat' dir='ltr'>mule,</span> <span class='ocrx_word' id='word_1_22' title='bbox 1075 806 1191 865; x_wconf 84' lang='lat' dir='ltr'>rectius</span> <span class='ocrx_word' id='word_1_23' title='bbox 1210 805 1296 866; x_wconf 79' lang='lat' dir='ltr'>tttnd.</span> 
     </span>
     <span class='ocr_line' id='line_1_5' title="bbox 356 888 1337 967; baseline 0.002 -18"><span class='ocrx_word' id='word_1_24' title='bbox 356 893 420 950; x_wconf 91' lang='lat' dir='ltr'>Scis</span> <span class='ocrx_word' id='word_1_25' title='bbox 448 893 552 948; x_wconf 91' lang='lat' dir='ltr'>etenim</span> <span class='ocrx_word' id='word_1_26' title='bbox 574 892 677 948; x_wconf 90' lang='lat' dir='ltr'>iustum</span> <span class='ocrx_word' id='word_1_27' title='bbox 699 891 812 966; x_wconf 90' lang='lat' dir='ltr'>gemina</span> <span class='ocrx_word' id='word_1_28' title='bbox 836 888 1016 967; x_wconf 81' lang='lat' dir='ltr'>suspendere</span> <span class='ocrx_word' id='word_1_29' title='bbox 1039 888 1123 947; x_wconf 90' lang='lat' dir='ltr'>lance</span> <span class='ocrx_word' id='word_1_30' title='bbox 1304 898 1337 951; x_wconf 82' lang='lat' dir='ltr'>ld</span> 
     </span>
     <span class='ocr_line' id='line_1_6' title="bbox 356 972 1109 1051; baseline -0.004 -19"><span class='ocrx_word' id='word_1_31' title='bbox 356 974 498 1051; x_wconf 79' lang='lat' dir='ltr'>Ancipitis</span> <span class='ocrx_word' id='word_1_32' title='bbox 521 972 626 1041; x_wconf 85' lang='lat' dir='ltr'>librae;</span> <span class='ocrx_word' id='word_1_33' title='bbox 651 983 762 1031; x_wconf 90' lang='lat' dir='ltr'>rectum</span> <span class='ocrx_word' id='word_1_34' title='bbox 783 972 940 1048; x_wconf 82' lang='lat' dir='ltr'>discernis,</span> <span class='ocrx_word' id='word_1_35' title='bbox 963 972 1011 1031; x_wconf 89' lang='lat' dir='ltr'>ubi</span> <span class='ocrx_word' id='word_1_36' title='bbox 1035 974 1109 1030; x_wconf 91' lang='lat' dir='ltr'>inter</span> 
     </span>
    </p>

    <p class='ocr_par' dir='ltr' id='par_1_5' title="bbox 356 1055 1170 1135">
     <span class='ocr_line' id='line_1_7' title="bbox 356 1055 1170 1135; baseline -0.005 -18"><span class='ocrx_word' id='word_1_37' title='bbox 356 1056 450 1117; x_wconf 79' lang='lat' dir='ltr'>Curva</span> <span class='ocrx_word' id='word_1_38' title='bbox 473 1056 564 1131; x_wconf 92' lang='lat' dir='ltr'>subit,</span> <span class='ocrx_word' id='word_1_39' title='bbox 588 1056 637 1115; x_wconf 86' lang='lat' dir='ltr'>vel</span> <span class='ocrx_word' id='word_1_40' title='bbox 662 1075 747 1135; x_wconf 91' lang='lat' dir='ltr'>quum</span> <span class='ocrx_word' id='word_1_41' title='bbox 769 1056 842 1116; x_wconf 88' lang='lat' dir='ltr'>lallit</span> <span class='ocrx_word' id='word_1_42' title='bbox 866 1057 942 1135; x_wconf 92' lang='lat' dir='ltr'>pede</span> <span class='ocrx_word' id='word_1_43' title='bbox 964 1055 1067 1132; x_wconf 86' lang='lat' dir='ltr'>regula</span> <span class='ocrx_word' id='word_1_44' title='bbox 1089 1072 1170 1131; x_wconf 85' lang='lat' dir='ltr'>varo,</span> 
     </span>
    </p>

    <p class='ocr_par' dir='ltr' id='par_1_6' title="bbox 355 1136 1091 1219">
     <span class='ocr_line' id='line_1_8' title="bbox 355 1136 1091 1219; baseline -0.004 -19"><span class='ocrx_word' id='word_1_45' title='bbox 355 1141 391 1200; x_wconf 83' lang='lat' dir='ltr'>Et</span> <span class='ocrx_word' id='word_1_46' title='bbox 413 1142 491 1217; x_wconf 91' lang='lat' dir='ltr'>potis</span> <span class='ocrx_word' id='word_1_47' title='bbox 514 1158 546 1198; x_wconf 93' lang='lat' dir='ltr'>es</span> <span class='ocrx_word' id='word_1_48' title='bbox 572 1141 682 1216; x_wconf 86' lang='lat' dir='ltr'>nigrum</span> <span class='ocrx_word' id='word_1_49' title='bbox 709 1141 778 1199; x_wconf 90' lang='lat' dir='ltr'>vitio</span> <span class='ocrx_word' id='word_1_50' title='bbox 801 1140 965 1219; x_wconf 89' lang='lat' dir='ltr'>praeligere</span> <span class='ocrx_word' id='word_1_51' title='bbox 991 1136 1091 1199; x_wconf 86' lang='lat' dir='ltr'>theta?</span> 
     </span>
    </p>

    <p class='ocr_par' dir='ltr' id='par_1_7' title="bbox 356 1222 1207 1301">
     <span class='ocr_line' id='line_1_9' title="bbox 356 1222 1207 1301; baseline 0 -20"><span class='ocrx_word' id='word_1_52' title='bbox 356 1224 430 1298; x_wconf 91' lang='lat' dir='ltr'>Quin</span> <span class='ocrx_word' id='word_1_53' title='bbox 453 1233 482 1281; x_wconf 91' lang='lat' dir='ltr'>tu</span> <span class='ocrx_word' id='word_1_54' title='bbox 507 1226 611 1299; x_wconf 85' lang='lat' dir='ltr'>igitur,</span> <span class='ocrx_word' id='word_1_55' title='bbox 639 1241 748 1283; x_wconf 90' lang='lat' dir='ltr'>summa</span> <span class='ocrx_word' id='word_1_56' title='bbox 769 1226 942 1301; x_wconf 79' lang='lat' dir='ltr'>nequiquam</span> <span class='ocrx_word' id='word_1_57' title='bbox 965 1223 1045 1300; x_wconf 92' lang='lat' dir='ltr'>pelle</span> <span class='ocrx_word' id='word_1_58' title='bbox 1071 1222 1207 1299; x_wconf 92' lang='lat' dir='ltr'>decorus,</span> 
     </span>
    </p>

    <p class='ocr_par' dir='ltr' id='par_1_8' title="bbox 355 1306 1335 1465">
     <span class='ocr_line' id='line_1_10' title="bbox 355 1306 1335 1387; baseline -0.001 -21"><span class='ocrx_word' id='word_1_59' title='bbox 355 1308 430 1366; x_wconf 80' lang='lat' dir='ltr'>Ante</span> <span class='ocrx_word' id='word_1_60' title='bbox 454 1307 529 1366; x_wconf 94' lang='lat' dir='ltr'>diem</span> <span class='ocrx_word' id='word_1_61' title='bbox 551 1307 657 1367; x_wconf 87' lang='lat' dir='ltr'>blando</span> <span class='ocrx_word' id='word_1_62' title='bbox 680 1306 798 1367; x_wconf 90' lang='lat' dir='ltr'>caudam</span> <span class='ocrx_word' id='word_1_63' title='bbox 820 1310 929 1367; x_wconf 91' lang='lat' dir='ltr'>iactare</span> <span class='ocrx_word' id='word_1_64' title='bbox 951 1306 1071 1387; x_wconf 86' lang='lat' dir='ltr'>popello</span> <span class='ocrx_word' id='word_1_65' title='bbox 1303 1316 1335 1371; x_wconf 83' lang='lat'>15</span> 
     </span>
     <span class='ocr_line' id='line_1_11' title="bbox 355 1389 1110 1465; baseline -0.003 -15"><span class='ocrx_word' id='word_1_66' title='bbox 355 1391 489 1464; x_wconf 77' lang='lat' dir='ltr'>Desinis,</span> <span class='ocrx_word' id='word_1_67' title='bbox 515 1390 668 1465; x_wconf 77' lang='lat' dir='ltr'>Anticyras</span> <span class='ocrx_word' id='word_1_68' title='bbox 691 1390 793 1450; x_wconf 90' lang='lat' dir='ltr'>melior</span> <span class='ocrx_word' id='word_1_69' title='bbox 815 1391 937 1451; x_wconf 90' lang='lat' dir='ltr'>sorbere</span> <span class='ocrx_word' id='word_1_70' title='bbox 965 1389 1110 1450; x_wconf 81' lang='lat' dir='ltr'>meracas!</span> 
     </span>
    </p>

    <p class='ocr_par' dir='ltr' id='par_1_9' title="bbox 356 1471 1183 1552">
     <span class='ocr_line' id='line_1_12' title="bbox 356 1471 1183 1552; baseline 0 -19"><span class='ocrx_word' id='word_1_71' title='bbox 356 1475 436 1548; x_wconf 84' lang='lat' dir='ltr'>Quae</span> <span class='ocrx_word' id='word_1_72' title='bbox 459 1475 509 1533; x_wconf 92' lang='lat' dir='ltr'>tibi</span> <span class='ocrx_word' id='word_1_73' title='bbox 532 1492 640 1534; x_wconf 92' lang='lat' dir='ltr'>summa</span> <span class='ocrx_word' id='word_1_74' title='bbox 661 1474 729 1532; x_wconf 91' lang='lat' dir='ltr'>boni</span> <span class='ocrx_word' id='word_1_75' title='bbox 752 1471 817 1534; x_wconf 87' lang='lat' dir='ltr'>est?</span> <span class='ocrx_word' id='word_1_76' title='bbox 839 1485 923 1534; x_wconf 91' lang='lat' dir='ltr'>uncta</span> <span class='ocrx_word' id='word_1_77' title='bbox 945 1477 1054 1534; x_wconf 85' lang='lat' dir='ltr'>vixisse</span> <span class='ocrx_word' id='word_1_78' title='bbox 1075 1474 1183 1552; x_wconf 90' lang='lat' dir='ltr'>patella</span> 
     </span>
    </p>

    <p class='ocr_par' dir='ltr' id='par_1_10' title="bbox 355 1555 1049 1635">
     <span class='ocr_line' id='line_1_13' title="bbox 355 1555 1049 1635; baseline -0.003 -17"><span class='ocrx_word' id='word_1_79' title='bbox 355 1561 477 1635; x_wconf 89' lang='lat' dir='ltr'>Semper</span> <span class='ocrx_word' id='word_1_80' title='bbox 500 1567 529 1616; x_wconf 91' lang='lat' dir='ltr'>et</span> <span class='ocrx_word' id='word_1_81' title='bbox 555 1559 670 1618; x_wconf 91' lang='lat' dir='ltr'>assiduo</span> <span class='ocrx_word' id='word_1_82' title='bbox 700 1568 797 1617; x_wconf 90' lang='lat' dir='ltr'>curata</span> <span class='ocrx_word' id='word_1_83' title='bbox 820 1560 944 1619; x_wconf 90' lang='lat' dir='ltr'>cuticula</span> <span class='ocrx_word' id='word_1_84' title='bbox 968 1555 1049 1617; x_wconf 83' lang='lat' dir='ltr'>sole?</span> 
     </span>
    </p>

    <p class='ocr_par' dir='ltr' id='par_1_11' title="bbox 355 1639 1269 1719">
     <span class='ocr_line' id='line_1_14' title="bbox 355 1639 1269 1719; baseline -0.001 -18"><span class='ocrx_word' id='word_1_85' title='bbox 355 1642 519 1719; x_wconf 83' lang='lat' dir='ltr'>Exspecta,</span> <span class='ocrx_word' id='word_1_86' title='bbox 541 1640 616 1700; x_wconf 90' lang='lat' dir='ltr'>baud</span> <span class='ocrx_word' id='word_1_87' title='bbox 639 1642 715 1701; x_wconf 91' lang='lat' dir='ltr'>aliud</span> <span class='ocrx_word' id='word_1_88' title='bbox 739 1642 916 1719; x_wconf 83' lang='lat' dir='ltr'>respondeat</span> <span class='ocrx_word' id='word_1_89' title='bbox 937 1642 1011 1701; x_wconf 89' lang='lat' dir='ltr'>baec</span> <span class='ocrx_word' id='word_1_90' title='bbox 1033 1660 1113 1701; x_wconf 92' lang='lat' dir='ltr'>anus.</span> <span class='ocrx_word' id='word_1_91' title='bbox 1145 1639 1269 1701; x_wconf 88' lang='lat' dir='ltr'>luunc:</span> 
     </span>
    </p>
   </div>
   <div class='ocr_carea' id='block_1_3' title="bbox 354 1724 1447 1802">
    <p class='ocr_par' dir='ltr' id='par_1_12' title="bbox 354 1724 1447 1802">
     <span class='ocr_line' id='line_1_15' title="bbox 354 1724 1447 1802; baseline 0.005 -18"><span class='ocrx_word' id='word_1_92' title='bbox 354 1725 557 1786; x_wconf 76' lang='lat' dir='ltr'>Dinomaches</span> <span class='ocrx_word' id='word_1_93' title='bbox 577 1744 632 1802; x_wconf 77' lang='lat' dir='ltr'>eqo</span> <span class='ocrx_word' id='word_1_94' title='bbox 653 1744 736 1799; x_wconf 81' lang='lat' dir='ltr'>sum,</span> <span class='ocrx_word' id='word_1_95' title='bbox 759 1724 857 1801; x_wconf 90' lang='lat' dir='ltr'>suilla,</span> <span class='ocrx_word' id='word_1_96' title='bbox 882 1745 945 1785; x_wconf 86' lang='lat' dir='ltr'>sum</span> <span class='ocrx_word' id='word_1_97' title='bbox 970 1726 1125 1786; x_wconf 82' lang='lat' dir='ltr'>candidus</span> <span class='ocrx_word' id='word_1_98' title='bbox 1140 1757 1183 1771; x_wconf 84' lang='lat'>—-</span> <span class='ocrx_word' id='word_1_99' title='bbox 1203 1733 1282 1793; x_wconf 91' lang='lat' dir='ltr'>esto;</span> <span class='ocrx_word' id='word_1_100' title='bbox 1300 1734 1335 1788; x_wconf 74' lang='lat'>20</span> <span class='ocrx_word' id='word_1_101' title='bbox 1442 1788 1447 1795; x_wconf 86' lang='grc'>,</span> 
     </span>
    </p>
   </div>
   <div class='ocr_carea' id='block_1_4' title="bbox 295 1807 1334 3541">
    <p class='ocr_par' dir='ltr' id='par_1_13' title="bbox 295 1807 1148 1965">
     <span class='ocr_line' id='line_1_16' title="bbox 295 1807 1053 1885; baseline -0.001 -17"><span class='ocrx_word' id='word_1_102' title='bbox 295 1815 298 1819; x_wconf 76' lang='grc'>’</span> <span class='ocrx_word' id='word_1_103' title='bbox 354 1809 427 1868; x_wconf 89' lang='lat' dir='ltr'>Dum</span> <span class='ocrx_word' id='word_1_104' title='bbox 453 1826 489 1866; x_wconf 93' lang='lat' dir='ltr'>ne</span> <span class='ocrx_word' id='word_1_105' title='bbox 512 1807 638 1867; x_wconf 90' lang='lat' dir='ltr'>deterius</span> <span class='ocrx_word' id='word_1_106' title='bbox 663 1809 755 1885; x_wconf 89' lang='lat' dir='ltr'>sapiat</span> <span class='ocrx_word' id='word_1_107' title='bbox 777 1810 917 1885; x_wconf 90' lang='lat' dir='ltr'>pannucia</span> <span class='ocrx_word' id='word_1_108' title='bbox 939 1808 1053 1882; x_wconf 84' lang='lat' dir='ltr'>Baucis,</span> 
     </span>
     <span class='ocr_line' id='line_1_17' title="bbox 355 1891 1148 1965; baseline -0.003 -15"><span class='ocrx_word' id='word_1_109' title='bbox 355 1892 447 1965; x_wconf 89' lang='lat' dir='ltr'>Quum</span> <span class='ocrx_word' id='word_1_110' title='bbox 472 1891 546 1950; x_wconf 90' lang='lat' dir='ltr'>bene</span> <span class='ocrx_word' id='word_1_111' title='bbox 569 1891 708 1950; x_wconf 92' lang='lat' dir='ltr'>discincto</span> <span class='ocrx_word' id='word_1_112' title='bbox 732 1893 890 1951; x_wconf 89' lang='lat' dir='ltr'>cantaverit</span> <span class='ocrx_word' id='word_1_113' title='bbox 916 1893 1008 1950; x_wconf 91' lang='lat' dir='ltr'>ocima</span> <span class='ocrx_word' id='word_1_114' title='bbox 1029 1907 1148 1950; x_wconf 87' lang='lat' dir='ltr'>vernae.</span> 
     </span>
    </p>

    <p class='ocr_par' dir='ltr' id='par_1_14' title="bbox 307 1974 1334 3541">
     <span class='ocr_line' id='line_1_18' title="bbox 396 1974 1159 2053; baseline -0.003 -18"><span class='ocrx_word' id='word_1_115' title='bbox 396 1975 433 2035; x_wconf 92' lang='lat' dir='ltr'>Ut</span> <span class='ocrx_word' id='word_1_116' title='bbox 454 1993 538 2034; x_wconf 93' lang='lat' dir='ltr'>nemo</span> <span class='ocrx_word' id='word_1_117' title='bbox 559 1977 586 2033; x_wconf 92' lang='lat' dir='ltr'>in</span> <span class='ocrx_word' id='word_1_118' title='bbox 609 1993 676 2034; x_wconf 89' lang='lat' dir='ltr'>sese</span> <span class='ocrx_word' id='word_1_119' title='bbox 699 1984 819 2053; x_wconf 93' lang='lat' dir='ltr'>temptat</span> <span class='ocrx_word' id='word_1_120' title='bbox 840 1974 1038 2049; x_wconf 85' lang='lat' dir='ltr'>descendere,</span> <span class='ocrx_word' id='word_1_121' title='bbox 1063 1990 1159 2050; x_wconf 91' lang='lat' dir='ltr'>nemo,</span> 
     </span>
     <span class='ocr_line' id='line_1_19' title="bbox 354 2058 1057 2138; baseline -0.001 -20"><span class='ocrx_word' id='word_1_122' title='bbox 354 2059 413 2119; x_wconf 87' lang='lat' dir='ltr'>Sed</span> <span class='ocrx_word' id='word_1_123' title='bbox 435 2058 622 2138; x_wconf 81' lang='lat' dir='ltr'>praecedenti</span> <span class='ocrx_word' id='word_1_124' title='bbox 645 2068 794 2136; x_wconf 90' lang='lat' dir='ltr'>spectatur</span> <span class='ocrx_word' id='word_1_125' title='bbox 814 2061 937 2118; x_wconf 92' lang='lat' dir='ltr'>mantica</span> <span class='ocrx_word' id='word_1_126' title='bbox 958 2059 1057 2135; x_wconf 91' lang='lat' dir='ltr'>tergo!</span> 
     </span>
     <span class='ocr_line' id='line_1_20' title="bbox 355 2138 1333 2220; baseline 0 -18"><span class='ocrx_word' id='word_1_127' title='bbox 355 2142 538 2215; x_wconf 83' lang='lat' dir='ltr'>Quaesieris:</span> <span class='ocrx_word' id='word_1_128' title='bbox 560 2141 671 2200; x_wconf 91' lang='lat' dir='ltr'>Nostin&#39;</span> <span class='ocrx_word' id='word_1_129' title='bbox 698 2143 803 2202; x_wconf 86' lang='lat' dir='ltr'>Vettidi</span> <span class='ocrx_word' id='word_1_130' title='bbox 825 2139 1021 2220; x_wconf 73' lang='lat' dir='ltr'>praediai—</span> <span class='ocrx_word' id='word_1_131' title='bbox 1042 2138 1204 2201; x_wconf 81' lang='lat' dir='ltr'>Guiusi-</span> <span class='ocrx_word' id='word_1_132' title='bbox 1299 2149 1333 2202; x_wconf 59' lang='grc' dir='ltr'>ἢὸ</span> 
     </span>
     <span class='ocr_line' id='line_1_21' title="bbox 354 2223 1282 2305; baseline -0.001 -20"><span class='ocrx_word' id='word_1_133' title='bbox 354 2226 444 2285; x_wconf 91' lang='lat' dir='ltr'>Dives</span> <span class='ocrx_word' id='word_1_134' title='bbox 467 2235 528 2284; x_wconf 88' lang='lat' dir='ltr'>arat</span> <span class='ocrx_word' id='word_1_135' title='bbox 551 2223 674 2284; x_wconf 81' lang='lat' dir='ltr'>Curibus</span> <span class='ocrx_word' id='word_1_136' title='bbox 697 2235 829 2305; x_wconf 91' lang='lat' dir='ltr'>quantum</span> <span class='ocrx_word' id='word_1_137' title='bbox 853 2243 911 2286; x_wconf 93' lang='lat' dir='ltr'>non</span> <span class='ocrx_word' id='word_1_138' title='bbox 932 2226 1035 2285; x_wconf 91' lang='lat' dir='ltr'>milvus</span> <span class='ocrx_word' id='word_1_139' title='bbox 1058 2226 1184 2286; x_wconf 92' lang='lat' dir='ltr'>oberrat.</span> <span class='ocrx_word' id='word_1_140' title='bbox 1199 2256 1240 2271; x_wconf 83' lang='lat'><em>-</em></span> <span class='ocrx_word' id='word_1_141' title='bbox 1280 2263 1282 2267; x_wconf 92' lang='lat'><em>-</em></span> 
     </span>
     <span class='ocr_line' id='line_1_22' title="bbox 355 2310 1104 2390; baseline 0 -21"><span class='ocrx_word' id='word_1_142' title='bbox 355 2311 436 2369; x_wconf 92' lang='lat' dir='ltr'>llunc</span> <span class='ocrx_word' id='word_1_143' title='bbox 453 2312 512 2384; x_wconf 90' lang='lat' dir='ltr'>ais,</span> <span class='ocrx_word' id='word_1_144' title='bbox 538 2310 612 2368; x_wconf 89' lang='lat' dir='ltr'>hunc</span> <span class='ocrx_word' id='word_1_145' title='bbox 636 2310 678 2368; x_wconf 91' lang='lat' dir='ltr'>dis</span> <span class='ocrx_word' id='word_1_146' title='bbox 706 2313 784 2369; x_wconf 93' lang='lat' dir='ltr'>iratis</span> <span class='ocrx_word' id='word_1_147' title='bbox 807 2313 954 2390; x_wconf 84' lang='lat' dir='ltr'>genioque</span> <span class='ocrx_word' id='word_1_148' title='bbox 977 2313 1104 2386; x_wconf 92' lang='lat' dir='ltr'>sinistro,</span> 
     </span>
     <span class='ocr_line' id='line_1_23' title="bbox 307 2393 1182 2474; baseline -0.001 -22"><span class='ocrx_word' id='word_1_149' title='bbox 307 2449 314 2474; x_wconf 58' lang='lat'>,</span> <span class='ocrx_word' id='word_1_150' title='bbox 355 2393 426 2467; x_wconf 87' lang='lat' dir='ltr'>Qui,</span> <span class='ocrx_word' id='word_1_151' title='bbox 450 2394 622 2471; x_wconf 87' lang='lat' dir='ltr'>quandoque</span> <span class='ocrx_word' id='word_1_152' title='bbox 645 2395 739 2470; x_wconf 86' lang='lat' dir='ltr'>iugum</span> <span class='ocrx_word' id='word_1_153' title='bbox 763 2405 881 2472; x_wconf 91' lang='lat' dir='ltr'>pertusa</span> <span class='ocrx_word' id='word_1_154' title='bbox 903 2395 937 2454; x_wconf 90' lang='lat' dir='ltr'>ad</span> <span class='ocrx_word' id='word_1_155' title='bbox 961 2396 1085 2472; x_wconf 90' lang='lat' dir='ltr'>compita</span> <span class='ocrx_word' id='word_1_156' title='bbox 1111 2394 1182 2470; x_wconf 85' lang='lat' dir='ltr'>igit,</span> 
     </span>
     <span class='ocr_line' id='line_1_24' title="bbox 354 2477 1077 2538; baseline 0.001 -3"><span class='ocrx_word' id='word_1_157' title='bbox 354 2477 487 2536; x_wconf 89' lang='lat' dir='ltr'>Seriolae</span> <span class='ocrx_word' id='word_1_158' title='bbox 509 2486 638 2535; x_wconf 89' lang='lat' dir='ltr'>veterem</span> <span class='ocrx_word' id='word_1_159' title='bbox 662 2487 790 2536; x_wconf 89' lang='lat' dir='ltr'>metuens</span> <span class='ocrx_word' id='word_1_160' title='bbox 817 2479 959 2538; x_wconf 88' lang='lat' dir='ltr'>deradere</span> <span class='ocrx_word' id='word_1_161' title='bbox 983 2478 1077 2537; x_wconf 90' lang='lat' dir='ltr'>limum</span> 
     </span>
     <span class='ocr_line' id='line_1_25' title="bbox 354 2557 1334 2637; baseline 0.002 -17"><span class='ocrx_word' id='word_1_162' title='bbox 354 2557 490 2637; x_wconf 83' lang='lat' dir='ltr'>ingemit:</span> <span class='ocrx_word' id='word_1_163' title='bbox 516 2561 572 2622; x_wconf 80' lang='lat' dir='ltr'>boc</span> <span class='ocrx_word' id='word_1_164' title='bbox 592 2562 668 2621; x_wconf 89' lang='lat' dir='ltr'>bene</span> <span class='ocrx_word' id='word_1_165' title='bbox 693 2564 751 2621; x_wconf 82' lang='lat' dir='ltr'>sit!</span> <span class='ocrx_word' id='word_1_166' title='bbox 772 2564 926 2621; x_wconf 90' lang='lat' dir='ltr'>tunicatum</span> <span class='ocrx_word' id='word_1_167' title='bbox 951 2580 1014 2621; x_wconf 91' lang='lat' dir='ltr'>cum</span> <span class='ocrx_word' id='word_1_168' title='bbox 1036 2560 1099 2620; x_wconf 88' lang='lat' dir='ltr'>sale</span> <span class='ocrx_word' id='word_1_169' title='bbox 1120 2560 1255 2619; x_wconf 92' lang='lat' dir='ltr'>mordens</span> <span class='ocrx_word' id='word_1_170' title='bbox 1298 2567 1334 2622; x_wconf 78' lang='lat'>30</span> 
     </span>
     <span class='ocr_line' id='line_1_26' title="bbox 355 2642 1146 2722; baseline 0.001 -20"><span class='ocrx_word' id='word_1_171' title='bbox 355 2642 471 2722; x_wconf 76' lang='lat' dir='ltr'>caepe,</span> <span class='ocrx_word' id='word_1_172' title='bbox 498 2653 528 2702; x_wconf 90' lang='lat' dir='ltr'>et</span> <span class='ocrx_word' id='word_1_173' title='bbox 552 2644 686 2703; x_wconf 90' lang='lat' dir='ltr'>iarratam</span> <span class='ocrx_word' id='word_1_174' title='bbox 711 2647 808 2722; x_wconf 92' lang='lat' dir='ltr'>pueris</span> <span class='ocrx_word' id='word_1_175' title='bbox 832 2645 1036 2722; x_wconf 91' lang='lat' dir='ltr'>plaudentibus</span> <span class='ocrx_word' id='word_1_176' title='bbox 1059 2644 1146 2703; x_wconf 86' lang='lat' dir='ltr'>ollam</span> 
     </span>
     <span class='ocr_line' id='line_1_27' title="bbox 354 2726 1118 2788; baseline -0.001 -1"><span class='ocrx_word' id='word_1_177' title='bbox 354 2727 513 2787; x_wconf 89' lang='lat' dir='ltr'>Pannosam</span> <span class='ocrx_word' id='word_1_178' title='bbox 535 2727 647 2787; x_wconf 87' lang='lat' dir='ltr'>faecem</span> <span class='ocrx_word' id='word_1_179' title='bbox 672 2730 819 2787; x_wconf 92' lang='lat' dir='ltr'>morientis</span> <span class='ocrx_word' id='word_1_180' title='bbox 841 2728 942 2788; x_wconf 89' lang='lat' dir='ltr'>sorbet</span> <span class='ocrx_word' id='word_1_181' title='bbox 965 2726 1118 2787; x_wconf 84' lang='lat' dir='ltr'>aceti?—</span> 
     </span>
     <span class='ocr_line' id='line_1_28' title="bbox 355 2810 1103 2889; baseline 0.004 -21"><span class='ocrx_word' id='word_1_182' title='bbox 355 2810 393 2868; x_wconf 83' lang='lat' dir='ltr'>m</span> <span class='ocrx_word' id='word_1_183' title='bbox 419 2812 443 2868; x_wconf 94' lang='lat' dir='ltr'>si</span> <span class='ocrx_word' id='word_1_184' title='bbox 467 2820 568 2869; x_wconf 90' lang='lat' dir='ltr'>unctus</span> <span class='ocrx_word' id='word_1_185' title='bbox 592 2830 693 2870; x_wconf 92' lang='lat' dir='ltr'>cesses</span> <span class='ocrx_word' id='word_1_186' title='bbox 718 2821 746 2870; x_wconf 93' lang='lat' dir='ltr'>et</span> <span class='ocrx_word' id='word_1_187' title='bbox 769 2812 840 2889; x_wconf 86' lang='lat' dir='ltr'>figas</span> <span class='ocrx_word' id='word_1_188' title='bbox 858 2813 886 2870; x_wconf 94' lang='lat' dir='ltr'>in</span> <span class='ocrx_word' id='word_1_189' title='bbox 909 2821 974 2871; x_wconf 89' lang='lat' dir='ltr'>cute</span> <span class='ocrx_word' id='word_1_190' title='bbox 1000 2812 1103 2887; x_wconf 92' lang='lat' dir='ltr'>solem,</span> 
     </span>
     <span class='ocr_line' id='line_1_29' title="bbox 355 2893 1195 2974; baseline 0.001 -22"><span class='ocrx_word' id='word_1_191' title='bbox 355 2893 408 2952; x_wconf 89' lang='lat' dir='ltr'>Est</span> <span class='ocrx_word' id='word_1_192' title='bbox 430 2911 522 2971; x_wconf 90' lang='lat' dir='ltr'>prope</span> <span class='ocrx_word' id='word_1_193' title='bbox 549 2904 578 2953; x_wconf 92' lang='lat' dir='ltr'>te</span> <span class='ocrx_word' id='word_1_194' title='bbox 604 2896 736 2971; x_wconf 88' lang='lat' dir='ltr'>ignotus,</span> <span class='ocrx_word' id='word_1_195' title='bbox 764 2895 859 2954; x_wconf 91' lang='lat' dir='ltr'>cubito</span> <span class='ocrx_word' id='word_1_196' title='bbox 884 2897 932 2974; x_wconf 89' lang='lat' dir='ltr'>qni</span> <span class='ocrx_word' id='word_1_197' title='bbox 957 2904 1054 2971; x_wconf 85' lang='lat' dir='ltr'>tangat</span> <span class='ocrx_word' id='word_1_198' title='bbox 1077 2904 1106 2954; x_wconf 92' lang='lat' dir='ltr'>et</span> <span class='ocrx_word' id='word_1_199' title='bbox 1127 2912 1195 2953; x_wconf 86' lang='lat' dir='ltr'>acro</span> 
     </span>
     <span class='ocr_line' id='line_1_30' title="bbox 355 2977 1332 3058; baseline 0.002 -23"><span class='ocrx_word' id='word_1_200' title='bbox 355 2977 499 3055; x_wconf 91' lang='lat' dir='ltr'>Despuat:</span> <span class='ocrx_word' id='word_1_201' title='bbox 519 2979 550 3037; x_wconf 81' lang='lat' dir='ltr'>m·</span> <span class='ocrx_word' id='word_1_202' title='bbox 571 2998 685 3054; x_wconf 86' lang='lat' dir='ltr'>mores,</span> <span class='ocrx_word' id='word_1_203' title='bbox 706 2997 872 3057; x_wconf 81' lang='lat' dir='ltr'>penemque</span> <span class='ocrx_word' id='word_1_204' title='bbox 893 2997 1072 3058; x_wconf 85' lang='lat' dir='ltr'>arcanoque</span> <span class='ocrx_word' id='word_1_205' title='bbox 1094 2979 1186 3040; x_wconf 83' lang='lat' dir='ltr'>lumbi</span> <span class='ocrx_word' id='word_1_206' title='bbox 1297 2983 1332 3037; x_wconf 74' lang='lat' dir='ltr'>ab</span> 
     </span>
     <span class='ocr_line' id='line_1_31' title="bbox 356 3060 1168 3141; baseline 0.001 -21"><span class='ocrx_word' id='word_1_207' title='bbox 356 3060 545 3121; x_wconf 72' lang='lat' dir='ltr'>Redeuntem</span> <span class='ocrx_word' id='word_1_208' title='bbox 564 3066 676 3140; x_wconf 85' lang='lat' dir='ltr'>populo</span> <span class='ocrx_word' id='word_1_209' title='bbox 694 3072 866 3124; x_wconf 82' lang='lat' dir='ltr'>marcentes</span> <span class='ocrx_word' id='word_1_210' title='bbox 884 3065 1026 3141; x_wconf 77' lang='lat' dir='ltr'>peredere</span> <span class='ocrx_word' id='word_1_211' title='bbox 1045 3063 1168 3124; x_wconf 82' lang='lat' dir='ltr'>onloos!</span> 
     </span>
     <span class='ocr_line' id='line_1_32' title="bbox 356 3143 1121 3226; baseline 0.003 -23"><span class='ocrx_word' id='word_1_212' title='bbox 356 3143 398 3203; x_wconf 84' lang='lat' dir='ltr'>Tu</span> <span class='ocrx_word' id='word_1_213' title='bbox 423 3162 508 3222; x_wconf 90' lang='lat' dir='ltr'>quum</span> <span class='ocrx_word' id='word_1_214' title='bbox 530 3145 653 3205; x_wconf 86' lang='lat' dir='ltr'>maxillis</span> <span class='ocrx_word' id='word_1_215' title='bbox 675 3146 837 3207; x_wconf 88' lang='lat' dir='ltr'>balanatum</span> <span class='ocrx_word' id='word_1_216' title='bbox 858 3162 987 3225; x_wconf 78' lang='lat' dir='ltr'>gausape</span> <span class='ocrx_word' id='word_1_217' title='bbox 1008 3157 1121 3226; x_wconf 89' lang='lat' dir='ltr'>pectas,</span> 
     </span>
     <span class='ocr_line' id='line_1_33' title="bbox 355 3226 1085 3307; baseline 0.005 -21"><span class='ocrx_word' id='word_1_218' title='bbox 355 3226 519 3304; x_wconf 82' lang='lat' dir='ltr'>Inguinibus</span> <span class='ocrx_word' id='word_1_219' title='bbox 542 3247 631 3306; x_wconf 92' lang='lat' dir='ltr'>quare</span> <span class='ocrx_word' id='word_1_220' title='bbox 655 3230 792 3289; x_wconf 91' lang='lat' dir='ltr'>detonsus</span> <span class='ocrx_word' id='word_1_221' title='bbox 814 3230 948 3307; x_wconf 89' lang='lat' dir='ltr'>gurgulio</span> <span class='ocrx_word' id='word_1_222' title='bbox 971 3228 1085 3290; x_wconf 81' lang='lat' dir='ltr'>exstat?</span> 
     </span>
     <span class='ocr_line' id='line_1_34' title="bbox 356 3309 1185 3391; baseline 0.001 -24"><span class='ocrx_word' id='word_1_223' title='bbox 356 3309 489 3388; x_wconf 83' lang='lat' dir='ltr'>Quinque</span> <span class='ocrx_word' id='word_1_224' title='bbox 511 3312 697 3389; x_wconf 87' lang='lat' dir='ltr'>palaestritae</span> <span class='ocrx_word' id='word_1_225' title='bbox 720 3314 789 3372; x_wconf 92' lang='lat' dir='ltr'>licet</span> <span class='ocrx_word' id='word_1_226' title='bbox 810 3313 884 3373; x_wconf 89' lang='lat' dir='ltr'>baec</span> <span class='ocrx_word' id='word_1_227' title='bbox 904 3314 1044 3391; x_wconf 90' lang='lat' dir='ltr'>plantaria</span> <span class='ocrx_word' id='word_1_228' title='bbox 1065 3312 1185 3387; x_wconf 86' lang='lat' dir='ltr'>vellant,</span> 
     </span>
     <span class='ocr_line' id='line_1_35' title="bbox 355 3391 1091 3475; baseline 0.005 -24"><span class='ocrx_word' id='word_1_229' title='bbox 355 3391 512 3471; x_wconf 87' lang='lat' dir='ltr'>Elixasqne</span> <span class='ocrx_word' id='word_1_230' title='bbox 535 3405 616 3454; x_wconf 91' lang='lat' dir='ltr'>nates</span> <span class='ocrx_word' id='word_1_231' title='bbox 640 3396 815 3455; x_wconf 87' lang='lat' dir='ltr'>labefactent</span> <span class='ocrx_word' id='word_1_232' title='bbox 836 3398 949 3475; x_wconf 88' lang='lat' dir='ltr'>forcipe</span> <span class='ocrx_word' id='word_1_233' title='bbox 972 3397 1091 3471; x_wconf 90' lang='lat' dir='ltr'>adunca,</span> 
     </span>
     <span class='ocr_line' id='line_1_36' title="bbox 355 3475 1096 3541; baseline 0.001 -6"><span class='ocrx_word' id='word_1_234' title='bbox 355 3475 420 3535; x_wconf 90' lang='lat' dir='ltr'>Non</span> <span class='ocrx_word' id='word_1_235' title='bbox 439 3487 533 3538; x_wconf 87' lang='lat' dir='ltr'>tamen</span> <span class='ocrx_word' id='word_1_236' title='bbox 555 3481 609 3538; x_wconf 89' lang='lat' dir='ltr'>ista</span> <span class='ocrx_word' id='word_1_237' title='bbox 633 3480 693 3538; x_wconf 85' lang='lat' dir='ltr'>dlix</span> <span class='ocrx_word' id='word_1_238' title='bbox 715 3480 774 3539; x_wconf 90' lang='lat' dir='ltr'>ullo</span> <span class='ocrx_word' id='word_1_239' title='bbox 795 3483 970 3541; x_wconf 88' lang='lat' dir='ltr'>mansuescit</span> <span class='ocrx_word' id='word_1_240' title='bbox 992 3489 1096 3539; x_wconf 90' lang='lat' dir='ltr'>aratro.</span> 
     </span>
    </p>
   </div>
   <div class='ocr_carea' id='block_1_5' title="bbox 354 3557 1196 3795">
    <p class='ocr_par' dir='ltr' id='par_1_15' title="bbox 354 3557 1196 3795">
     <span class='ocr_line' id='line_1_37' title="bbox 357 3557 1196 3641; baseline -0.002 -22"><span class='ocrx_word' id='word_1_241' title='bbox 357 3557 525 3632; x_wconf 81' lang='lat' dir='ltr'>Caedimus,</span> <span class='ocrx_word' id='word_1_242' title='bbox 551 3565 637 3641; x_wconf 91' lang='lat' dir='ltr'>inque</span> <span class='ocrx_word' id='word_1_243' title='bbox 660 3565 754 3622; x_wconf 90' lang='lat' dir='ltr'>vicem</span> <span class='ocrx_word' id='word_1_244' title='bbox 774 3564 947 3641; x_wconf 88' lang='lat' dir='ltr'>praebemus</span> <span class='ocrx_word' id='word_1_245' title='bbox 971 3581 1052 3622; x_wconf 88' lang='lat' dir='ltr'>crura</span> <span class='ocrx_word' id='word_1_246' title='bbox 1074 3562 1196 3637; x_wconf 85' lang='lat' dir='ltr'>sagittis.</span> 
     </span>
     <span class='ocr_line' id='line_1_38' title="bbox 354 3641 1116 3723; baseline 0.004 -23"><span class='ocrx_word' id='word_1_247' title='bbox 354 3641 466 3703; x_wconf 89' lang='lat' dir='ltr'>Vivitur</span> <span class='ocrx_word' id='word_1_248' title='bbox 489 3645 546 3704; x_wconf 90' lang='lat' dir='ltr'>boc</span> <span class='ocrx_word' id='word_1_249' title='bbox 566 3656 669 3723; x_wconf 86' lang='lat' dir='ltr'>pacto;</span> <span class='ocrx_word' id='word_1_250' title='bbox 696 3649 739 3706; x_wconf 88' lang='lat' dir='ltr'>sic</span> <span class='ocrx_word' id='word_1_251' title='bbox 762 3649 901 3706; x_wconf 90' lang='lat' dir='ltr'>novimus.</span> <span class='ocrx_word' id='word_1_252' title='bbox 941 3646 992 3706; x_wconf 92' lang='lat' dir='ltr'>llia</span> <span class='ocrx_word' id='word_1_253' title='bbox 1017 3645 1116 3704; x_wconf 89' lang='lat' dir='ltr'>subter</span> 
     </span>
     <span class='ocr_line' id='line_1_39' title="bbox 355 3724 1117 3795; baseline 0.001 -10"><span class='ocrx_word' id='word_1_254' title='bbox 355 3724 480 3786; x_wconf 81' lang='lat' dir='ltr'>Caecum</span> <span class='ocrx_word' id='word_1_255' title='bbox 502 3729 605 3788; x_wconf 83' lang='lat' dir='ltr'>minus</span> <span class='ocrx_word' id='word_1_256' title='bbox 626 3729 733 3795; x_wconf 82' lang='lat' dir='ltr'>habes:</span> <span class='ocrx_word' id='word_1_257' title='bbox 757 3730 810 3789; x_wconf 89' lang='lat' dir='ltr'>sed</span> <span class='ocrx_word' id='word_1_258' title='bbox 833 3732 891 3790; x_wconf 92' lang='lat' dir='ltr'>lato</span> <span class='ocrx_word' id='word_1_259' title='bbox 912 3730 1025 3789; x_wconf 88' lang='lat' dir='ltr'>balteus</span> <span class='ocrx_word' id='word_1_260' title='bbox 1048 3746 1117 3787; x_wconf 87' lang='lat' dir='ltr'>auro</span> 
     </span>
    </p>
   </div>
   <div class='ocr_carea' id='block_1_6' title="bbox 0 0 1722 4575">
    <p class='ocr_par' dir='ltr' id='par_1_16' title="bbox 0 0 1722 4575">
     <span class='ocr_line' id='line_1_40' title="bbox 0 0 1722 4575; baseline 0 0"><span class='ocrx_word' id='word_1_261' title='bbox 0 0 1722 4575; x_wconf 95' lang='lat' dir='ltr'> </span> 
     </span>
    </p>
   </div>
  </div>
 </body>
</html>
