<?xml version="1.0" encoding="UTF-8"?>
<!DOCTYPE html PUBLIC "-//W3C//DTD XHTML 1.0 Transitional//EN"
    "http://www.w3.org/TR/xhtml1/DTD/xhtml1-transitional.dtd">
<html xmlns="http://www.w3.org/1999/xhtml" xml:lang="en" lang="en">
 <head>
  <title>
</title>
<meta http-equiv="Content-Type" content="text/html;charset=utf-8" />
  <meta name='ocr-system' content='tesseract 3.04.00' />
  <meta name='ocr-capabilities' content='ocr_page ocr_carea ocr_par ocr_line ocrx_word'/>
</head>
<body>
  <div class='ocr_page' id='page_1' title='image "./satirarumlibriq00juvegoog_0304.png"; bbox 0 0 3434 4575; ppageno 0'>
   <div class='ocr_carea' id='block_1_1' title="bbox 676 449 1071 512">
    <p class='ocr_par' dir='ltr' id='par_1_1' title="bbox 676 449 1071 512">
     <span class='ocr_line' id='line_1_1' title="bbox 676 449 1071 512; baseline -0.005 0"><span class='ocrx_word' id='word_1_1' title='bbox 676 451 721 512; x_wconf 74' lang='lat' dir='ltr'><strong>bb</strong></span> <span class='ocrx_word' id='word_1_2' title='bbox 736 450 828 512; x_wconf 78' lang='lat' dir='ltr'><strong>VAL.</strong></span> <span class='ocrx_word' id='word_1_3' title='bbox 844 449 1071 511; x_wconf 73' lang='lat' dir='ltr'><strong>MARTlALlS</strong></span> 
     </span>
    </p>
   </div>
   <div class='ocr_carea' id='block_1_2' title="bbox 827 655 932 716">
    <p class='ocr_par' dir='ltr' id='par_1_2' title="bbox 827 655 932 716">
     <span class='ocr_line' id='line_1_2' title="bbox 827 655 932 716; baseline 0.01 -3"><span class='ocrx_word' id='word_1_4' title='bbox 827 655 932 716; x_wconf 87' lang='lat' dir='ltr'><strong>LVlIi.</strong></span> 
     </span>
    </p>
   </div>
   <div class='ocr_carea' id='block_1_3' title="bbox 440 765 1220 932">
    <p class='ocr_par' dir='ltr' id='par_1_3' title="bbox 440 765 1220 932">
     <span class='ocr_line' id='line_1_3' title="bbox 440 765 1220 846; baseline 0.006 -19"><span class='ocrx_word' id='word_1_5' title='bbox 440 768 473 827; x_wconf 89' lang='lat' dir='ltr'><strong>in</strong></span> <span class='ocrx_word' id='word_1_6' title='bbox 491 768 631 826; x_wconf 91' lang='lat' dir='ltr'><strong>tenebris</strong></span> <span class='ocrx_word' id='word_1_7' title='bbox 646 765 735 846; x_wconf 78' lang='lat' dir='ltr'><strong>luges</strong></span> <span class='ocrx_word' id='word_1_8' title='bbox 753 768 914 845; x_wconf 84' lang='lat' dir='ltr'><strong>amissum,</strong></span> <span class='ocrx_word' id='word_1_9' title='bbox 934 767 1039 846; x_wconf 82' lang='lat' dir='ltr'><strong>Galla,</strong></span> <span class='ocrx_word' id='word_1_10' title='bbox 1061 773 1220 834; x_wconf 64' lang='lat' dir='ltr'><strong>maritum.</strong></span> 
     </span>
     <span class='ocr_line' id='line_1_4' title="bbox 481 849 1211 932; baseline 0.01 -22"><span class='ocrx_word' id='word_1_11' title='bbox 481 851 543 911; x_wconf 86' lang='lat' dir='ltr'><strong>Iam</strong></span> <span class='ocrx_word' id='word_1_12' title='bbox 558 849 685 931; x_wconf 86' lang='lat' dir='ltr'><strong>plorare</strong></span> <span class='ocrx_word' id='word_1_13' title='bbox 699 850 798 932; x_wconf 86' lang='lat' dir='ltr'><strong>pudet</strong></span> <span class='ocrx_word' id='word_1_14' title='bbox 812 859 861 929; x_wconf 90' lang='lat' dir='ltr'><strong>te,</strong></span> <span class='ocrx_word' id='word_1_15' title='bbox 879 857 973 931; x_wconf 90' lang='lat' dir='ltr'><strong>puto,</strong></span> <span class='ocrx_word' id='word_1_16' title='bbox 995 850 1084 912; x_wconf 82' lang='lat' dir='ltr'><strong>Galla</strong></span> <span class='ocrx_word' id='word_1_17' title='bbox 1097 855 1211 918; x_wconf 78' lang='lat' dir='ltr'><strong>virum.</strong></span> 
     </span>
    </p>
   </div>
   <div class='ocr_carea' id='block_1_4' title="bbox 756 971 920 1045">
    <p class='ocr_par' dir='ltr' id='par_1_4' title="bbox 756 971 920 1045">
     <span class='ocr_line' id='line_1_5' title="bbox 756 971 920 1045; baseline 0.006 -1"><span class='ocrx_word' id='word_1_18' title='bbox 756 971 765 984; x_wconf 84' lang='lat'><strong><em>&#39;</em></strong></span> <span class='ocrx_word' id='word_1_19' title='bbox 843 984 920 1045; x_wconf 78' lang='lat' dir='ltr'><strong>arx.</strong></span> 
     </span>
    </p>
   </div>
   <div class='ocr_carea' id='block_1_5' title="bbox 440 1094 1224 1428">
    <p class='ocr_par' dir='ltr' id='par_1_5' title="bbox 440 1094 1224 1260">
     <span class='ocr_line' id='line_1_6' title="bbox 440 1094 1224 1183; baseline 0.005 -24"><span class='ocrx_word' id='word_1_20' title='bbox 440 1097 603 1160; x_wconf 77' lang='lat' dir='ltr'>Flentibus</span> <span class='ocrx_word' id='word_1_21' title='bbox 616 1094 781 1156; x_wconf 89' lang='lat' dir='ltr'><strong>Heliadum</strong></span> <span class='ocrx_word' id='word_1_22' title='bbox 796 1097 889 1155; x_wconf 87' lang='lat' dir='ltr'><strong>ramis</strong></span> <span class='ocrx_word' id='word_1_23' title='bbox 905 1095 976 1156; x_wconf 92' lang='lat' dir='ltr'><strong>dum</strong></span> <span class='ocrx_word' id='word_1_24' title='bbox 991 1099 1098 1178; x_wconf 84' lang='lat' dir='ltr'><strong>vipera</strong></span> <span class='ocrx_word' id='word_1_25' title='bbox 1117 1102 1224 1183; x_wconf 81' lang='lat' dir='ltr'>repit,</span> 
     </span>
     <span class='ocr_line' id='line_1_7' title="bbox 481 1181 1170 1260; baseline 0.004 -18"><span class='ocrx_word' id='word_1_26' title='bbox 481 1183 587 1242; x_wconf 76' lang='lat' dir='ltr'><strong>Fluxit</strong></span> <span class='ocrx_word' id='word_1_27' title='bbox 603 1183 634 1240; x_wconf 94' lang='lat' dir='ltr'><strong>in</strong></span> <span class='ocrx_word' id='word_1_28' title='bbox 653 1181 826 1240; x_wconf 82' lang='lat' dir='ltr'><strong>obstantem</strong></span> <span class='ocrx_word' id='word_1_29' title='bbox 840 1181 947 1240; x_wconf 75' lang='lat' dir='ltr'><strong>sucina</strong></span> <span class='ocrx_word' id='word_1_30' title='bbox 961 1187 1046 1260; x_wconf 82' lang='lat' dir='ltr'><strong>gutta</strong></span> <span class='ocrx_word' id='word_1_31' title='bbox 1060 1182 1170 1245; x_wconf 83' lang='lat' dir='ltr'><strong>feram.</strong></span> 
     </span>
    </p>

    <p class='ocr_par' dir='ltr' id='par_1_6' title="bbox 444 1265 1160 1428">
     <span class='ocr_line' id='line_1_8' title="bbox 444 1265 1160 1346; baseline 0 -20"><span class='ocrx_word' id='word_1_32' title='bbox 444 1267 530 1343; x_wconf 82' lang='lat' dir='ltr'>Quae</span> <span class='ocrx_word' id='word_1_33' title='bbox 545 1265 616 1324; x_wconf 95' lang='lat' dir='ltr'><strong>dum</strong></span> <span class='ocrx_word' id='word_1_34' title='bbox 632 1266 762 1323; x_wconf 91' lang='lat' dir='ltr'><strong>miratur</strong></span> <span class='ocrx_word' id='word_1_35' title='bbox 777 1265 885 1343; x_wconf 83' lang='lat' dir='ltr'><strong>pingui</strong></span> <span class='ocrx_word' id='word_1_36' title='bbox 899 1282 934 1323; x_wconf 90' lang='lat' dir='ltr'><strong>se</strong></span> <span class='ocrx_word' id='word_1_37' title='bbox 948 1284 1021 1325; x_wconf 90' lang='lat' dir='ltr'><strong>rore</strong></span> <span class='ocrx_word' id='word_1_38' title='bbox 1035 1268 1160 1346; x_wconf 88' lang='lat' dir='ltr'><strong>teneri,</strong></span> 
     </span>
     <span class='ocr_line' id='line_1_9' title="bbox 485 1347 1113 1428; baseline -0.002 -18"><span class='ocrx_word' id='word_1_39' title='bbox 485 1351 641 1410; x_wconf 90' lang='lat' dir='ltr'><strong>Concreto</strong></span> <span class='ocrx_word' id='word_1_40' title='bbox 657 1348 753 1425; x_wconf 84' lang='lat' dir='ltr'><strong>riguit</strong></span> <span class='ocrx_word' id='word_1_41' title='bbox 767 1348 870 1407; x_wconf 81' lang='lat' dir='ltr'><strong>vincta</strong></span> <span class='ocrx_word' id='word_1_42' title='bbox 883 1355 1016 1428; x_wconf 85' lang='lat' dir='ltr'><strong>repente</strong></span> <span class='ocrx_word' id='word_1_43' title='bbox 1032 1347 1113 1428; x_wconf 76' lang='lat' dir='ltr'><strong>gelu.</strong></span> 
     </span>
    </p>
   </div>
   <div class='ocr_carea' id='block_1_6' title="bbox 310 1412 1231 1517">
    <p class='ocr_par' dir='ltr' id='par_1_7' title="bbox 310 1412 1231 1517">
     <span class='ocr_line' id='line_1_10' title="bbox 310 1412 1231 1517; baseline 0.001 -22"><span class='ocrx_word' id='word_1_44' title='bbox 310 1412 313 1416; x_wconf 83' lang='lat'><em>.</em></span> <span class='ocrx_word' id='word_1_45' title='bbox 419 1434 491 1496; x_wconf 81' lang='lat' dir='ltr'><strong>5Ne</strong></span> <span class='ocrx_word' id='word_1_46' title='bbox 507 1434 566 1492; x_wconf 92' lang='lat' dir='ltr'><strong>tibi</strong></span> <span class='ocrx_word' id='word_1_47' title='bbox 580 1429 677 1510; x_wconf 81' lang='lat' dir='ltr'><strong>regali</strong></span> <span class='ocrx_word' id='word_1_48' title='bbox 692 1429 834 1510; x_wconf 77' lang='lat' dir='ltr'>placeas,</span> <span class='ocrx_word' id='word_1_49' title='bbox 857 1430 1041 1512; x_wconf 87' lang='lat' dir='ltr'><strong>Cleopatra,</strong></span> <span class='ocrx_word' id='word_1_50' title='bbox 1060 1431 1231 1517; x_wconf 85' lang='lat' dir='ltr'><strong>sepulcro,</strong></span> 
     </span>
    </p>
   </div>
   <div class='ocr_carea' id='block_1_7' title="bbox 261 3921 400 4043">
    <p class='ocr_par' dir='ltr' id='par_1_8' title="bbox 261 3921 400 4043">
     <span class='ocr_line' id='line_1_11' title="bbox 261 3921 400 4043; baseline -0.094 0"><span class='ocrx_word' id='word_1_51' title='bbox 261 3921 400 4043; x_wconf 64' lang='grc' dir='ltr'><strong>ἱ.</strong></span> 
     </span>
    </p>
   </div>
   <div class='ocr_carea' id='block_1_8' title="bbox 483 1512 1049 1601">
    <p class='ocr_par' dir='ltr' id='par_1_9' title="bbox 483 1512 1049 1601">
     <span class='ocr_line' id='line_1_12' title="bbox 483 1512 1049 1601; baseline -0.002 -23"><span class='ocrx_word' id='word_1_52' title='bbox 483 1517 601 1596; x_wconf 81' lang='lat' dir='ltr'>Vipera</span> <span class='ocrx_word' id='word_1_53' title='bbox 616 1517 642 1575; x_wconf 92' lang='lat' dir='ltr'><strong>si</strong></span> <span class='ocrx_word' id='word_1_54' title='bbox 656 1512 774 1574; x_wconf 90' lang='lat' dir='ltr'><strong>tumulo</strong></span> <span class='ocrx_word' id='word_1_55' title='bbox 788 1513 943 1576; x_wconf 84' lang='lat' dir='ltr'><strong>nobiliore</strong></span> <span class='ocrx_word' id='word_1_56' title='bbox 955 1518 1049 1601; x_wconf 87' lang='lat' dir='ltr'><strong>iacet.</strong></span> 
     </span>
    </p>
   </div>
   <div class='ocr_carea' id='block_1_9' title="bbox 847 1649 912 1711">
    <p class='ocr_par' dir='ltr' id='par_1_10' title="bbox 847 1649 912 1711">
     <span class='ocr_line' id='line_1_13' title="bbox 847 1649 912 1711; baseline 0.046 -4"><span class='ocrx_word' id='word_1_57' title='bbox 847 1649 912 1711; x_wconf 88' lang='lat' dir='ltr'><strong>LX.</strong></span> 
     </span>
    </p>
   </div>
   <div class='ocr_carea' id='block_1_10' title="bbox 420 1760 1208 2262">
    <p class='ocr_par' dir='ltr' id='par_1_11' title="bbox 420 1760 1208 2262">
     <span class='ocr_line' id='line_1_14' title="bbox 442 1760 1177 1843; baseline 0.003 -19"><span class='ocrx_word' id='word_1_58' title='bbox 442 1762 548 1824; x_wconf 84' lang='lat' dir='ltr'><strong>Ardea</strong></span> <span class='ocrx_word' id='word_1_59' title='bbox 563 1760 697 1823; x_wconf 87' lang='lat' dir='ltr'><strong>solstitio</strong></span> <span class='ocrx_word' id='word_1_60' title='bbox 712 1763 923 1840; x_wconf 75' lang='lat' dir='ltr'><strong>Castranaque</strong></span> <span class='ocrx_word' id='word_1_61' title='bbox 941 1782 1015 1822; x_wconf 92' lang='lat' dir='ltr'><strong>rura</strong></span> <span class='ocrx_word' id='word_1_62' title='bbox 1027 1772 1177 1843; x_wconf 86' lang='lat' dir='ltr'><strong>petantur</strong></span> 
     </span>
     <span class='ocr_line' id='line_1_15' title="bbox 487 1844 1120 1926; baseline 0 -20"><span class='ocrx_word' id='word_1_63' title='bbox 487 1849 608 1925; x_wconf 82' lang='lat' dir='ltr'><strong>Quique</strong></span> <span class='ocrx_word' id='word_1_64' title='bbox 625 1845 781 1907; x_wconf 79' lang='lat' dir='ltr'><strong>Cleonaeo</strong></span> <span class='ocrx_word' id='word_1_65' title='bbox 797 1844 901 1906; x_wconf 83' lang='lat' dir='ltr'><strong>sidere</strong></span> <span class='ocrx_word' id='word_1_66' title='bbox 914 1846 1016 1906; x_wconf 81' lang='lat' dir='ltr'><strong>fervet</strong></span> <span class='ocrx_word' id='word_1_67' title='bbox 1031 1866 1120 1926; x_wconf 78' lang='lat' dir='ltr'><strong>ager,</strong></span> 
     </span>
     <span class='ocr_line' id='line_1_16' title="bbox 445 1930 1133 1996; baseline -0.004 -1"><span class='ocrx_word' id='word_1_68' title='bbox 445 1934 521 1996; x_wconf 91' lang='lat' dir='ltr'><strong>Cum</strong></span> <span class='ocrx_word' id='word_1_69' title='bbox 538 1932 719 1993; x_wconf 86' lang='lat' dir='ltr'><strong>Tiburtinas</strong></span> <span class='ocrx_word' id='word_1_70' title='bbox 733 1930 859 1991; x_wconf 88' lang='lat' dir='ltr'><strong>damnet</strong></span> <span class='ocrx_word' id='word_1_71' title='bbox 873 1930 1029 1990; x_wconf 83' lang='lat' dir='ltr'><strong>Curiatius</strong></span> <span class='ocrx_word' id='word_1_72' title='bbox 1044 1951 1133 1992; x_wconf 86' lang='lat' dir='ltr'><strong>auras</strong></span> 
     </span>
     <span class='ocr_line' id='line_1_17' title="bbox 486 2014 1138 2094; baseline -0.003 -17"><span class='ocrx_word' id='word_1_73' title='bbox 486 2021 571 2078; x_wconf 88' lang='lat' dir='ltr'><strong>lnter</strong></span> <span class='ocrx_word' id='word_1_74' title='bbox 589 2015 729 2076; x_wconf 84' lang='lat' dir='ltr'><strong>laudatas</strong></span> <span class='ocrx_word' id='word_1_75' title='bbox 746 2014 785 2075; x_wconf 89' lang='lat' dir='ltr'><strong>ad</strong></span> <span class='ocrx_word' id='word_1_76' title='bbox 799 2015 895 2093; x_wconf 82' lang='lat' dir='ltr'><strong>Styga</strong></span> <span class='ocrx_word' id='word_1_77' title='bbox 909 2015 1019 2074; x_wconf 80' lang='lat' dir='ltr'><strong>missus</strong></span> <span class='ocrx_word' id='word_1_78' title='bbox 1035 2035 1138 2094; x_wconf 86' lang='lat' dir='ltr'><strong>aquas.</strong></span> 
     </span>
     <span class='ocr_line' id='line_1_18' title="bbox 420 2095 1208 2180; baseline -0.003 -17"><span class='ocrx_word' id='word_1_79' title='bbox 420 2101 536 2164; x_wconf 82' lang='lat' dir='ltr'><strong>5Nullo</strong></span> <span class='ocrx_word' id='word_1_80' title='bbox 551 2101 614 2161; x_wconf 81' lang='lat' dir='ltr'><strong>fata</strong></span> <span class='ocrx_word' id='word_1_81' title='bbox 628 2099 699 2160; x_wconf 94' lang='lat' dir='ltr'><strong>loco</strong></span> <span class='ocrx_word' id='word_1_82' title='bbox 713 2100 814 2180; x_wconf 82' lang='lat' dir='ltr'><strong>possis</strong></span> <span class='ocrx_word' id='word_1_83' title='bbox 829 2095 1013 2159; x_wconf 79' lang='lat' dir='ltr'><strong>excludere:</strong></span> <span class='ocrx_word' id='word_1_84' title='bbox 1036 2119 1104 2159; x_wconf 91' lang='lat' dir='ltr'><strong>cum</strong></span> <span class='ocrx_word' id='word_1_85' title='bbox 1120 2119 1208 2162; x_wconf 84' lang='lat' dir='ltr'><strong>mors</strong></span> 
     </span>
     <span class='ocr_line' id='line_1_19' title="bbox 473 2181 1174 2262; baseline -0.003 -14"><span class='ocrx_word' id='word_1_86' title='bbox 473 2186 636 2262; x_wconf 82' lang='lat' dir='ltr'><strong>¹Venerit,</strong></span> <span class='ocrx_word' id='word_1_87' title='bbox 657 2186 689 2243; x_wconf 95' lang='lat' dir='ltr'><strong>in</strong></span> <span class='ocrx_word' id='word_1_88' title='bbox 704 2182 807 2242; x_wconf 87' lang='lat' dir='ltr'><strong>medio</strong></span> <span class='ocrx_word' id='word_1_89' title='bbox 824 2182 943 2242; x_wconf 89' lang='lat' dir='ltr'><strong>Tibure</strong></span> <span class='ocrx_word' id='word_1_90' title='bbox 959 2181 1102 2243; x_wconf 84' lang='lat' dir='ltr'><strong>Sardinia</strong></span> <span class='ocrx_word' id='word_1_91' title='bbox 1116 2191 1174 2246; x_wconf 88' lang='lat' dir='ltr'><strong>est.</strong></span> 
     </span>
    </p>
   </div>
   <div class='ocr_carea' id='block_1_11' title="bbox 845 2337 923 2397">
    <p class='ocr_par' dir='ltr' id='par_1_12' title="bbox 845 2337 923 2397">
     <span class='ocr_line' id='line_1_20' title="bbox 845 2337 923 2397; baseline 0.026 -2"><span class='ocrx_word' id='word_1_92' title='bbox 845 2337 923 2397; x_wconf 85' lang='lat' dir='ltr'><strong>LXI.</strong></span> 
     </span>
    </p>
   </div>
   <div class='ocr_carea' id='block_1_12' title="bbox 404 2447 1251 3793">
    <p class='ocr_par' dir='ltr' id='par_1_13' title="bbox 445 2447 1151 2528">
     <span class='ocr_line' id='line_1_21' title="bbox 445 2447 1151 2528; baseline -0.001 -18"><span class='ocrx_word' id='word_1_93' title='bbox 445 2451 583 2510; x_wconf 80' lang='lat' dir='ltr'><strong>Donasse</strong></span> <span class='ocrx_word' id='word_1_94' title='bbox 600 2450 728 2510; x_wconf 90' lang='lat' dir='ltr'><strong>amicum</strong></span> <span class='ocrx_word' id='word_1_95' title='bbox 743 2450 801 2509; x_wconf 91' lang='lat' dir='ltr'><strong>tibi</strong></span> <span class='ocrx_word' id='word_1_96' title='bbox 817 2447 966 2525; x_wconf 85' lang='lat' dir='ltr'><strong>ducenta,</strong></span> <span class='ocrx_word' id='word_1_97' title='bbox 988 2448 1151 2528; x_wconf 87' lang='lat' dir='ltr'><strong>Mancine,</strong></span> 
     </span>
    </p>

    <p class='ocr_par' dir='ltr' id='par_1_14' title="bbox 445 2531 1031 2613">
     <span class='ocr_line' id='line_1_22' title="bbox 445 2531 1031 2613; baseline 0 -20"><span class='ocrx_word' id='word_1_98' title='bbox 445 2534 552 2613; x_wconf 85' lang='lat' dir='ltr'><strong>Nuper</strong></span> <span class='ocrx_word' id='word_1_99' title='bbox 566 2535 700 2613; x_wconf 85' lang='lat' dir='ltr'><strong>superbo</strong></span> <span class='ocrx_word' id='word_1_100' title='bbox 715 2531 815 2593; x_wconf 90' lang='lat' dir='ltr'><strong>laetus</strong></span> <span class='ocrx_word' id='word_1_101' title='bbox 831 2552 886 2593; x_wconf 87' lang='lat' dir='ltr'><strong>ore</strong></span> <span class='ocrx_word' id='word_1_102' title='bbox 901 2534 1031 2594; x_wconf 85' lang='lat' dir='ltr'><strong>iactasti.</strong></span> 
     </span>
    </p>

    <p class='ocr_par' dir='ltr' id='par_1_15' title="bbox 447 2614 1093 2696">
     <span class='ocr_line' id='line_1_23' title="bbox 447 2614 1093 2696; baseline 0.002 -20"><span class='ocrx_word' id='word_1_103' title='bbox 447 2618 579 2694; x_wconf 80' lang='lat' dir='ltr'><strong>Quartus</strong></span> <span class='ocrx_word' id='word_1_104' title='bbox 594 2617 661 2678; x_wconf 90' lang='lat' dir='ltr'><strong>dies</strong></span> <span class='ocrx_word' id='word_1_105' title='bbox 676 2624 743 2695; x_wconf 89' lang='lat' dir='ltr'><strong>est,</strong></span> <span class='ocrx_word' id='word_1_106' title='bbox 764 2619 796 2676; x_wconf 90' lang='lat' dir='ltr'><strong>in</strong></span> <span class='ocrx_word' id='word_1_107' title='bbox 812 2614 919 2677; x_wconf 84' lang='lat' dir='ltr'><strong>schola</strong></span> <span class='ocrx_word' id='word_1_108' title='bbox 931 2622 1093 2696; x_wconf 86' lang='lat' dir='ltr'><strong>poetarum</strong></span> 
     </span>
    </p>

    <p class='ocr_par' dir='ltr' id='par_1_16' title="bbox 425 2698 1147 2866">
     <span class='ocr_line' id='line_1_24' title="bbox 445 2698 1089 2780; baseline 0 -19"><span class='ocrx_word' id='word_1_109' title='bbox 445 2702 523 2761; x_wconf 87' lang='lat' dir='ltr'><strong>Dum</strong></span> <span class='ocrx_word' id='word_1_110' title='bbox 538 2700 726 2780; x_wconf 85' lang='lat' dir='ltr'><strong>fabulamur,</strong></span> <span class='ocrx_word' id='word_1_111' title='bbox 748 2700 873 2761; x_wconf 90' lang='lat' dir='ltr'><strong>milibus</strong></span> <span class='ocrx_word' id='word_1_112' title='bbox 887 2699 995 2760; x_wconf 89' lang='lat' dir='ltr'><strong>decem</strong></span> <span class='ocrx_word' id='word_1_113' title='bbox 1012 2698 1089 2773; x_wconf 66' lang='lat' dir='ltr'><strong>dixti</strong></span> 
     </span>
     <span class='ocr_line' id='line_1_25' title="bbox 425 2783 1147 2866; baseline 0 -20"><span class='ocrx_word' id='word_1_114' title='bbox 425 2786 574 2866; x_wconf 73' lang='lat' dir='ltr'><strong>tEmptas</strong></span> <span class='ocrx_word' id='word_1_115' title='bbox 587 2785 730 2846; x_wconf 87' lang='lat' dir='ltr'><strong>lacernas</strong></span> <span class='ocrx_word' id='word_1_116' title='bbox 743 2805 852 2846; x_wconf 91' lang='lat' dir='ltr'><strong>munus</strong></span> <span class='ocrx_word' id='word_1_117' title='bbox 869 2804 938 2845; x_wconf 88' lang='lat' dir='ltr'><strong>esse</strong></span> <span class='ocrx_word' id='word_1_118' title='bbox 953 2783 1147 2865; x_wconf 86' lang='lat' dir='ltr'><strong>Pompullae,</strong></span> 
     </span>
    </p>

    <p class='ocr_par' dir='ltr' id='par_1_17' title="bbox 447 2868 1251 2949">
     <span class='ocr_line' id='line_1_26' title="bbox 447 2868 1251 2949; baseline 0.006 -21"><span class='ocrx_word' id='word_1_119' title='bbox 447 2868 646 2949; x_wconf 80' lang='lat' dir='ltr'><strong>Sardonycha</strong></span> <span class='ocrx_word' id='word_1_120' title='bbox 659 2888 766 2929; x_wconf 82' lang='lat' dir='ltr'><strong>verum</strong></span> <span class='ocrx_word' id='word_1_121' title='bbox 778 2868 1019 2949; x_wconf 83' lang='lat' dir='ltr'><strong>lychnidemque</strong></span> <span class='ocrx_word' id='word_1_122' title='bbox 1034 2871 1154 2929; x_wconf 86' lang='lat' dir='ltr'><strong>ceritcu</strong></span> <span class='ocrx_word' id='word_1_123' title='bbox 1247 2927 1251 2933; x_wconf 88' lang='lat'>.</span> 
     </span>
    </p>

    <p class='ocr_par' dir='ltr' id='par_1_18' title="bbox 445 2951 1135 3031">
     <span class='ocr_line' id='line_1_27' title="bbox 445 2951 1135 3031; baseline 0.001 -19"><span class='ocrx_word' id='word_1_124' title='bbox 445 2953 590 3031; x_wconf 84' lang='lat' dir='ltr'><strong>Duasque</strong></span> <span class='ocrx_word' id='word_1_125' title='bbox 603 2951 721 3013; x_wconf 87' lang='lat' dir='ltr'><strong>similes</strong></span> <span class='ocrx_word' id='word_1_126' title='bbox 733 2954 878 3013; x_wconf 85' lang='lat' dir='ltr'><strong>ductibus</strong></span> <span class='ocrx_word' id='word_1_127' title='bbox 892 2954 985 3013; x_wconf 89' lang='lat' dir='ltr'><strong>maris</strong></span> <span class='ocrx_word' id='word_1_128' title='bbox 1001 2972 1135 3031; x_wconf 82' lang='lat' dir='ltr'><strong>gemmas</strong></span> 
     </span>
    </p>

    <p class='ocr_par' dir='ltr' id='par_1_19' title="bbox 446 3032 1060 3116">
     <span class='ocr_line' id='line_1_28' title="bbox 446 3032 1060 3116; baseline 0.003 -21"><span class='ocrx_word' id='word_1_129' title='bbox 446 3035 578 3095; x_wconf 86' lang='lat' dir='ltr'><strong>Dedisse</strong></span> <span class='ocrx_word' id='word_1_130' title='bbox 592 3036 716 3097; x_wconf 89' lang='lat' dir='ltr'><strong>Bassam</strong></span> <span class='ocrx_word' id='word_1_131' title='bbox 731 3032 929 3116; x_wconf 79' lang='lat' dir='ltr'><strong>Caeliamque</strong></span> <span class='ocrx_word' id='word_1_132' title='bbox 942 3038 1060 3098; x_wconf 87' lang='lat' dir='ltr'><strong>iurasti.</strong></span> 
     </span>
    </p>

    <p class='ocr_par' dir='ltr' id='par_1_20' title="bbox 404 3119 1199 3283">
     <span class='ocr_line' id='line_1_29' title="bbox 446 3119 1074 3199; baseline 0.005 -21"><span class='ocrx_word' id='word_1_133' title='bbox 446 3120 533 3179; x_wconf 87' lang='lat' dir='ltr'><strong>Here</strong></span> <span class='ocrx_word' id='word_1_134' title='bbox 548 3119 587 3180; x_wconf 92' lang='lat' dir='ltr'><strong>de</strong></span> <span class='ocrx_word' id='word_1_135' title='bbox 605 3121 746 3197; x_wconf 89' lang='lat' dir='ltr'><strong>theatro,</strong></span> <span class='ocrx_word' id='word_1_136' title='bbox 768 3119 898 3180; x_wconf 88' lang='lat' dir='ltr'><strong>Polione</strong></span> <span class='ocrx_word' id='word_1_137' title='bbox 914 3127 1074 3199; x_wconf 88' lang='lat' dir='ltr'><strong>cantante,</strong></span> 
     </span>
     <span class='ocr_line' id='line_1_30' title="bbox 404 3201 1199 3283; baseline 0 -18"><span class='ocrx_word' id='word_1_138' title='bbox 404 3204 524 3266; x_wconf 78' lang='lat' dir='ltr'><strong>lOCum</strong></span> <span class='ocrx_word' id='word_1_139' title='bbox 539 3205 640 3264; x_wconf 91' lang='lat' dir='ltr'><strong>subito</strong></span> <span class='ocrx_word' id='word_1_140' title='bbox 656 3205 775 3281; x_wconf 85' lang='lat' dir='ltr'><strong>obires,</strong></span> <span class='ocrx_word' id='word_1_141' title='bbox 797 3201 869 3263; x_wconf 93' lang='lat' dir='ltr'><strong>dum</strong></span> <span class='ocrx_word' id='word_1_142' title='bbox 884 3204 982 3283; x_wconf 83' lang='lat' dir='ltr'><strong>fugis,</strong></span> <span class='ocrx_word' id='word_1_143' title='bbox 1001 3203 1199 3283; x_wconf 85' lang='lat' dir='ltr'><strong>loquebaris,</strong></span> 
     </span>
    </p>

    <p class='ocr_par' dir='ltr' id='par_1_21' title="bbox 449 3287 1022 3367">
     <span class='ocr_line' id='line_1_31' title="bbox 449 3287 1022 3367; baseline 0.002 -20"><span class='ocrx_word' id='word_1_144' title='bbox 449 3287 643 3348; x_wconf 85' lang='lat' dir='ltr'><strong>Hereditatis</strong></span> <span class='ocrx_word' id='word_1_145' title='bbox 655 3289 714 3349; x_wconf 89' lang='lat' dir='ltr'><strong>tibi</strong></span> <span class='ocrx_word' id='word_1_146' title='bbox 727 3294 869 3348; x_wconf 89' lang='lat' dir='ltr'><strong>trecenta</strong></span> <span class='ocrx_word' id='word_1_147' title='bbox 882 3289 1022 3367; x_wconf 83' lang='lat' dir='ltr'><strong>venisse,</strong></span> 
     </span>
    </p>

    <p class='ocr_par' dir='ltr' id='par_1_22' title="bbox 447 3371 1164 3452">
     <span class='ocr_line' id='line_1_32' title="bbox 447 3371 1164 3452; baseline 0.001 -20"><span class='ocrx_word' id='word_1_148' title='bbox 447 3373 490 3433; x_wconf 84' lang='lat' dir='ltr'><strong>Et</strong></span> <span class='ocrx_word' id='word_1_149' title='bbox 503 3392 593 3433; x_wconf 87' lang='lat' dir='ltr'><strong>mane</strong></span> <span class='ocrx_word' id='word_1_150' title='bbox 608 3381 747 3451; x_wconf 84' lang='lat' dir='ltr'><strong>centum,</strong></span> <span class='ocrx_word' id='word_1_151' title='bbox 768 3378 841 3452; x_wconf 86' lang='lat' dir='ltr'><strong>post</strong></span> <span class='ocrx_word' id='word_1_152' title='bbox 853 3371 1016 3433; x_wconf 90' lang='lat' dir='ltr'><strong>meridiem</strong></span> <span class='ocrx_word' id='word_1_153' title='bbox 1033 3379 1164 3433; x_wconf 86' lang='lat' dir='ltr'><strong>centum.</strong></span> 
     </span>
    </p>

    <p class='ocr_par' dir='ltr' id='par_1_23' title="bbox 449 3454 1122 3533">
     <span class='ocr_line' id='line_1_33' title="bbox 449 3454 1122 3533; baseline 0 -17"><span class='ocrx_word' id='word_1_154' title='bbox 449 3456 531 3533; x_wconf 80' lang='lat' dir='ltr'><strong>Quid</strong></span> <span class='ocrx_word' id='word_1_155' title='bbox 545 3459 602 3518; x_wconf 90' lang='lat' dir='ltr'><strong>tibi</strong></span> <span class='ocrx_word' id='word_1_156' title='bbox 616 3455 739 3518; x_wconf 87' lang='lat' dir='ltr'><strong>sodales</strong></span> <span class='ocrx_word' id='word_1_157' title='bbox 753 3454 968 3516; x_wconf 82' lang='lat' dir='ltr'><strong>fecimus-mali</strong></span> <span class='ocrx_word' id='word_1_158' title='bbox 983 3458 1122 3517; x_wconf 70' lang='lat' dir='ltr'><strong>tantum?</strong></span> 
     </span>
    </p>

    <p class='ocr_par' dir='ltr' id='par_1_24' title="bbox 408 3539 1098 3707">
     <span class='ocr_line' id='line_1_34' title="bbox 448 3539 1095 3603; baseline -0.002 -3"><span class='ocrx_word' id='word_1_159' title='bbox 448 3542 605 3603; x_wconf 89' lang='lat' dir='ltr'><strong>Miserere</strong></span> <span class='ocrx_word' id='word_1_160' title='bbox 619 3543 679 3601; x_wconf 86' lang='lat' dir='ltr'><strong>iam</strong></span> <span class='ocrx_word' id='word_1_161' title='bbox 694 3539 829 3601; x_wconf 87' lang='lat' dir='ltr'><strong>crudelis</strong></span> <span class='ocrx_word' id='word_1_162' title='bbox 845 3547 878 3601; x_wconf 94' lang='lat' dir='ltr'><strong>et</strong></span> <span class='ocrx_word' id='word_1_163' title='bbox 891 3539 947 3601; x_wconf 79' lang='lat' dir='ltr'><strong>sile</strong></span> <span class='ocrx_word' id='word_1_164' title='bbox 961 3539 1095 3601; x_wconf 85' lang='lat' dir='ltr'><strong>tandem.</strong></span> 
     </span>
     <span class='ocr_line' id='line_1_35' title="bbox 408 3624 1098 3707; baseline -0.006 -19"><span class='ocrx_word' id='word_1_165' title='bbox 408 3627 527 3704; x_wconf 73' lang='lat' dir='ltr'><strong>labat,</strong></span> <span class='ocrx_word' id='word_1_166' title='bbox 549 3628 576 3705; x_wconf 82' lang='lat' dir='ltr'><strong>si</strong></span> <span class='ocrx_word' id='word_1_167' title='bbox 590 3633 695 3687; x_wconf 89' lang='lat' dir='ltr'><strong>tacere</strong></span> <span class='ocrx_word' id='word_1_168' title='bbox 708 3624 814 3705; x_wconf 83' lang='lat' dir='ltr'><strong>lingua</strong></span> <span class='ocrx_word' id='word_1_169' title='bbox 828 3646 890 3686; x_wconf 94' lang='lat' dir='ltr'><strong>non</strong></span> <span class='ocrx_word' id='word_1_170' title='bbox 905 3632 1010 3707; x_wconf 91' lang='lat' dir='ltr'><strong>potest</strong></span> <span class='ocrx_word' id='word_1_171' title='bbox 1022 3626 1098 3703; x_wconf 89' lang='lat' dir='ltr'><strong>ista,</strong></span> 
     </span>
    </p>

    <p class='ocr_par' dir='ltr' id='par_1_25' title="bbox 450 3707 1127 3793">
     <span class='ocr_line' id='line_1_36' title="bbox 450 3707 1127 3793; baseline 0.001 -22"><span class='ocrx_word' id='word_1_172' title='bbox 450 3709 624 3793; x_wconf 86' lang='lat' dir='ltr'><strong>Aliquando</strong></span> <span class='ocrx_word' id='word_1_173' title='bbox 639 3731 747 3790; x_wconf 88' lang='lat' dir='ltr'><strong>narra,</strong></span> <span class='ocrx_word' id='word_1_174' title='bbox 768 3709 851 3792; x_wconf 91' lang='lat' dir='ltr'><strong>quod</strong></span> <span class='ocrx_word' id='word_1_175' title='bbox 864 3708 993 3772; x_wconf 89' lang='lat' dir='ltr'><strong>velimus</strong></span> <span class='ocrx_word' id='word_1_176' title='bbox 1010 3707 1127 3772; x_wconf 90' lang='lat' dir='ltr'><strong>audire.</strong></span> 
     </span>
    </p>
   </div>
   <div class='ocr_carea' id='block_1_13' title="bbox 0 0 1722 4575">
    <p class='ocr_par' dir='ltr' id='par_1_26' title="bbox 0 0 1722 4575">
     <span class='ocr_line' id='line_1_37' title="bbox 0 0 1722 4575; baseline 0 0"><span class='ocrx_word' id='word_1_177' title='bbox 0 0 1722 4575; x_wconf 95' lang='lat' dir='ltr'><strong> </strong></span> 
     </span>
    </p>
   </div>
  </div>
 </body>
</html>
