3434 4575
360 442 422 511 298
683 445 727 505 Μ.
743 444 833 506 VAL.
851 445 1079 507 MARTIALIS

448 600 599 674 Quantum
614 596 727 657 Lesbia
743 614 803 657 uon
820 596 907 657 dedit
922 596 1054 660 Catullo.

313 688 319 711 '
446 683 493 742 Te
507 682 617 741 ricinia
631 687 712 756 tota,
728 688 760 741 te
774 680 892 761 pilosus

425 767 580 826 5Hircoso
598 766 713 844 premit
728 764 833 824 osculo
850 763 985 824 colonus.

444 851 527 910 Hinc
540 850 635 908 instat
649 850 706 908 tibi
722 854 841 927 tentor,
859 847 933 907 inde
947 847 1040 925 lullo,

443 934 525 993 Hinc
540 938 626 992 sutor
642 931 731 991 modo
746 932 830 1011 pelle
845 934 976 1007 basiate,

444 1018 525 1076 Hinc
540 1016 635 1076 menti
650 1015 789 1076 dominus
803 1014 992 1096 pediculosi,

444 1102 525 1160 Hinc
540 1110 558 1172 †
574 1098 765 1177 desiocnlus,
787 1098 861 1159 inde
874 1099 992 1179 lippus,

405 1184 641 1263 loFellatorque
655 1202 828 1262 recensque
843 1182 1045 1261 cnnnilingus.

444 1268 505 1328 lam
522 1270 601 1329 tanti
614 1269 672 1328 tibi
687 1288 748 1327 uon
762 1268 822 1328 fuit
836 1265 951 1327 redire.

849 1400 914 1463 LX.

443 1515 554 1575 Martis
571 1510 690 1571 alumne
705 1511 788 1587 dies,
808 1531 929 1572 roseam
945 1531 1004 1590 quo
1018 1509 1162 1589 lampada
1177 1515 1327 1594 primum

486 1598 659 1675 Magnaque
673 1595 789 1655 siderei
804 1595 934 1655 vidimus
950 1594 1084 1671 medei,

445 1681 478 1741 Si
493 1687 525 1740 te
541 1697 612 1740 rure
629 1676 690 1739 coli
708 1679 885 1757 viridesque
900 1678 1029 1757 pudebit
1043 1677 1081 1737 nd
1096 1697 1185 1757 aras,

488 1766 547 1840 Qui
562 1764 665 1822 fueras
682 1762 770 1823 Latia
786 1761 887 1823 cultus
901 1764 934 1822 in
947 1763 1024 1822 urbe
1040 1762 1133 1821 mihi:

422 1850 492 1911 5Da
504 1849 639 1924 veniam,
662 1848 778 1907 servire
793 1849 870 1907 meis
886 1845 968 1925 qnod
983 1843 1055 1906 nolo
1070 1843 1252 1928 Kalendis,

486 1934 527 1992 Et
543 1951 601 2011 qua
619 1950 686 1990 sum
699 1933 838 2010 genitus,
859 1932 963 1991 vivere
978 1928 1048 1989 luce
1063 1927 1145 1992 volo.

705 2116 706 2119 γ
818 2063 888 2142 ux,
910 2065 940 2127 o.

443 2175 545 2238 Natali
558 2175 679 2257 pallere
694 2195 766 2251 suo,
783 2194 823 2235 ne
839 2175 926 2235 calda
940 2172 1064 2235 Sabello

485 2261 572 2320 Desit
587 2267 619 2321 et
633 2266 668 2320 ut
680 2259 831 2340 liquidum
844 2265 933 2340 potet
948 2258 1065 2319 Alauda
1079 2277 1220 2341 merum,

447 2342 586 2403 Turbida
599 2342 734 2403 sollicito
750 2345 961 2404 transmittere
977 2344 1117 2407 Caecuba
1131 2363 1251 2429 sacco,

484 2428 587 2506 Atque
602 2429 684 2487 inter
698 2447 819 2487 mensas
833 2429 898 2506 ire,
920 2426 1026 2487 redire
1041 2446 1128 2502 suas;

421 2509 596 2590 §Excipere
611 2512 669 2572 hos
683 2510 771 2590 illos,
795 2519 828 2571 et
842 2518 908 2572 tota
922 2529 1050 2589 surgere
1067 2529 1145 2571 cena

485 2595 641 2656 Marmora
655 2595 822 2656 calcantem
837 2594 1000 2674 frigidiora
1014 2592 1102 2673 gelu:

444 2677 528 2754 Quae
544 2681 623 2740 ratio
638 2686 701 2757 cst,
720 2681 798 2740 haec
812 2688 923 2758 sponte
938 2697 991 2738 sua
1005 2678 1149 2756 perferre
1164 2683 1328 2764 patique,

485 2762 570 2839 Quae
585 2770 617 2824 te
632 2765 658 2824 si
673 2765 777 2824 iubeat
792 2782 848 2823 rex
864 2761 1081 2841 dominusque,
1102 2764 1230 2841 neges?

836 2896 914 2958 LXI.

443 3005 560 3067 Versus
573 3011 606 3065 et
619 3008 713 3066 breve
727 3006 921 3087 vividumque
937 3024 1060 3068 carmen

442 3088 476 3148 ln
491 3095 523 3148 te
537 3107 577 3149 ne
590 3090 715 3168 faciam,
738 3093 844 3169 times,
865 3091 1012 3170 Ligurra‚

441 3173 483 3232 Et
497 3172 606 3252 dignus
622 3175 707 3254 cupis
722 3174 781 3234 hoo
796 3181 880 3234 metu
894 3174 1003 3235 rideri.

442 3256 505 3316 Sed
517 3257 633 3317 frustra
646 3259 757 3318 metuis
772 3259 921 3338 cupisque
935 3260 1060 3318 frustra.

421 3341 476 3399 51n
491 3347 594 3401 tauros
607 3341 716 3421 Libyci
728 3348 821 3401 ruunt
834 3341 959 3418 leones,

441 3423 510 3483 Non
524 3431 595 3485 sunt
607 3425 814 3505 papilionibus
827 3424 961 3487 molesti.

443 3507 596 3586 Quaeras,
620 3527 748 3586 censeo,
763 3507 876 3586 allegi
890 3506 1031 3585 laboras,

440 3590 528 3668 Nigri
541 3591 669 3652 fornicis
684 3593 804 3652 ebrium
818 3598 957 3671 poetam,

444 3673 503 3750 Qui
518 3676 651 3735 carbone
666 3675 736 3735 rudi
752 3677 898 3755 putrique
913 3682 1000 3736 creta
