3434 4575
404 336 469 400 370
687 331 813 392 tultus
827 329 1184 393 urtuuammnsott.

403 487 473 548 Quid
489 488 522 537 da
533 493 572 545 te,
590 484 667 546 ilua,
682 484 825 551 suspicatur
841 499 907 534 uxor
928 517 1287 536 ...........

404 557 472 618 Quid
490 555 568 606 laniat
582 553 636 604 vult
651 556 717 605 scire
733 554 822 620 Lyris:
840 554 909 616 quod
928 554 1025 603 sobria:
1046 553 1140 602 fellat.
1170 590 1177 603 .
1207 590 1214 603 .
1244 593 1251 605 .
1280 592 1287 606 .
1390 595 1397 618 ‚
1445 598 1452 612 ,

405 626 471 686 Quid
486 623 563 674 faciet
579 622 664 673 nullos
678 622 721 672 hic
735 624 867 672 inventura
885 622 991 687 capillos
1023 658 1031 671 .
1059 657 1067 672 .
1095 657 1102 671 .
1132 659 1139 671 .
1169 660 1175 671 .
1206 659 1214 673 .
1243 662 1250 674 .
1280 663 1287 674 .
1329 665 1339 674 .
1388 664 1395 686 ‚
1444 668 1451 682 ,

405 694 472 755 Quid
486 693 583 742 lactum
602 699 654 751 est,
673 707 750 757 rogo,
769 691 832 755 quid
846 699 950 756 repente
964 690 1060 740 iactum
1096 727 1103 740 .
1133 727 1140 740 .
1170 728 1176 740 .
1206 728 1214 741 .
1242 731 1249 743 .
1278 731 1286 743 .
1387 733 1395 757 ,

405 763 472 824 Quid
486 775 528 812 me
546 769 703 826 compactam
721 763 786 811 ceris
804 769 830 809 et
844 759 987 810 harundine
1005 760 1092 810 rides?
1132 796 1139 810 .
1169 796 1175 809 .
1204 795 1213 811 .
1241 800 1249 812 .
1278 800 1285 813 .

405 832 471 892 Quid
489 845 545 890 me,
560 830 640 891 Thai,
659 845 745 879 senem
762 829 869 879 subinde
888 829 997 879 dicis‘l.
1026 865 1033 878 .
1060 865 1068 879 .
1095 867 1101 877 .
1133 866 1140 878 .
1170 866 1176 878 .
1241 869 1248 881 .
1277 868 1285 881 .
1388 869 1396 895 ,

405 901 472 962 Quid
489 914 589 949 mecum
604 899 723 949 esttibi?
757 898 799 948 hle
817 897 903 962 puella
921 906 1004 947 sumat
1024 933 1036 961 .,
1059 935 1066 948 .
1094 934 1100 946 .
1130 935 1138 946 .
1168 935 1174 946 .
1203 933 1211 947 .
1240 937 1247 950 .
1277 937 1284 948 .
1386 939 1393 964 ‚

405 970 472 1030 Quid
488 967 552 1018 mihi
564 968 655 1018 reddat
671 982 733 1033 ager
748 967 864 1030 qnaeris,
881 967 958 1025 Line,
974 967 1166 1017 Nomentanus?
1203 1003 1210 1016 .
1240 1007 1246 1019 .
1277 1007 1283 1018 .
1388 1009 1396 1033 ,

405 1038 472 1098 Qnid
486 1038 549 1086 mihi
562 1038 696 1088 vobiscum
713 1044 763 1094 est,
782 1052 797 1086 o
812 1036 915 1086 Phoebe
931 1050 1074 1099 novemque
1091 1040 1216 1087 sorores?
1239 1075 1246 1088 .
1276 1073 1284 1088 .

405 1106 473 1168 Quid
487 1111 574 1156 narrat
587 1114 632 1156 tua
647 1105 770 1154 moecha?
805 1105 862 1154 Non
880 1105 993 1170 puellam
1028 1143 1034 1153 .
1060 1140 1068 1154 .
1095 1142 1102 1156 .
1131 1141 1139 1153 .
1166 1140 1173 1155 .
1202 1141 1209 1154 .
1239 1144 1245 1156 .
1276 1143 1283 1156 .
1386 1146 1394 1170 ,
1440 1145 1447 1159 .

405 1175 472 1236 Quid
489 1176 578 1235 nobis,
596 1175 695 1237 inquis,
711 1189 768 1224 curu
783 1173 912 1238 epistolas
921 1209 1282 1226 ...........
1322 1179 1353 1239 ll,
1440 1216 1445 1229 .

406 1245 474 1306 Quid
487 1259 538 1294 non
553 1245 623 1310 cogit
639 1244 728 1292 amori
745 1245 827 1293 secuit
843 1243 944 1293 nolente
962 1243 1068 1308 capillos
1096 1279 1103 1293 .
1132 1279 1138 1290 .
1168 1279 1174 1291 .
1201 1279 1209 1291 .
1238 1283 1245 1296 .
1275 1282 1283 1296 .

405 1313 473 1375 ind
490 1327 631 1362 nousseva
648 1311 718 1377 iugis
730 1311 826 1378 placidi
843 1310 919 1376 lepus
937 1327 982 1362 ora
998 1312 1098 1365 leonis?
1128 1348 1135 1361 .
1164 1349 1171 1360 .
1201 1347 1208 1359 .
1238 1352 1245 1365 .
1275 1351 1282 1364 .
1381 1353 1388 1377 ,

403 1382 472 1443 Quid
485 1388 591 1446 pereunt
604 1380 681 1430 stulto
696 1380 774 1430 fortes
791 1380 889 1430 haltere
901 1381 1008 1431 lacerti?
1026 1417 1282 1434 ........

404 1449 472 1511 Quid
486 1450 653 1515 promittebas
670 1449 735 1498 mihi
752 1449 839 1509 milia,
856 1448 952 1508 Gaura,
970 1451 1100 1500 ducenta.
1125 1484 1133 1499 .
1163 1486 1170 1498 .
1200 1485 1208 1499 .
1236 1489 1243 1503 .
1274 1490 1282 1503 .

403 1517 469 1579 Quid
484 1519 635 1568 recitaturus
651 1517 794 1568 circumdas
811 1517 906 1569 vellera
923 1518 1006 1568 collo?
1024 1553 1282 1572 ........

404 1586 492 1648 „ind
509 1588 607 1637 sentis“
625 1587 710 1651 inquis
729 1587 780 1650 „de
795 1589 904 1647 nostris,
920 1587 1017 1647 Marce,
1036 1587 1164 1638 libelttst“
1198 1621 1206 1637 .
1236 1627 1243 1640 .
1274 1627 1281 1640 .
1381 1629 1388 1653 ,
1434 1628 1440 1641 .

404 1656 485 1718 Quid,
500 1656 589 1714 stulte,
604 1657 698 1706 nostris
715 1658 832 1707 versibus
849 1666 908 1706 tuos
926 1657 1037 1706 misces?
1060 1691 1280 1710 .......
1355 1662 1364 1677 ’
1430 1696 1435 1708 .

404 1725 472 1786 Quid
488 1733 528 1784 te,
545 1725 643 1785 Tucca,
661 1727 731 1775 iuvat
745 1726 830 1777 vetulo
845 1727 952 1775 miscere
966 1726 1073 1775 Falerno
1095 1762 1101 1774 .
1129 1761 1136 1774 .
1161 1761 1168 1775 .
1197 1761 1205 1774 .
1234 1765 1241 1778 .
1271 1765 1280 1778 .
1381 1768 1387 1785 ,
1427 1765 1433 1779 .

404 1794 471 1854 Quid
484 1793 530 1843 tibi
544 1796 677 1846 nobiscum
694 1803 746 1856 est,
766 1794 820 1845 ludi
837 1794 959 1844 scelerate
976 1797 1098 1861 magister
1125 1828 1279 1848 .....
1370 1800 1388 1858 ’,

402 1863 470 1923 Quid
482 1863 557 1913 vellis
573 1863 701 1924 vetulum,
720 1864 812 1930 Ligia,
828 1865 959 1913 cunnum?
986 1899 1278 1916 .........
1356 1867 1388 1928 X,
1402 1866 1438 1920 itt.

403 1932 513 1992 Quidam
532 1947 573 1981 me
588 1934 677 1994 modo,
695 1932 777 1994 Rufe,
795 1932 932 1998 diligenter
952 1967 1278 1985 ..........
1345 1939 1388 1999 Vl,
1404 1935 1441 1988 st.

402 1999 532 2066 Quidquid
547 2002 601 2066 agit
616 2001 711 2060 liuius,
729 2002 793 2052 nihil
811 2009 850 2051 est
867 2002 917 2050 nisi
934 2001 1030 2052 Naevia
1046 2001 1112 2051 Rufo
1127 2036 1276 2054 .....

402 2070 531 2135 Quidquid
545 2071 572 2119 in
589 2069 689 2135 Orpheo
704 2068 829 2133 Rhodope
843 2079 973 2133 spectasse
988 2071 1084 2121 theatro
1124 2105 1131 2118 .
1160 2108 1166 2119 .
1195 2105 1203 2118 .
1232 2109 1239 2122 .
1268 2108 1276 2122 .

402 2139 531 2201 Quidquid
548 2138 681 2187 Parrhasia
696 2139 791 2186 nitebat
807 2136 866 2185 aula
881 2173 1275 2192 ............

401 2205 531 2269 Quidquid
543 2206 648 2269 ponitur
662 2203 722 2253 hinc
738 2211 762 2254 et
779 2205 838 2254 inde
856 2207 938 2254 verris
950 2242 1276 2261 ..........

401 2274 518 2337 Quinque
535 2274 599 2323 satis
616 2271 730 2332 lucrantt,
744 2287 802 2323 nam
815 2287 861 2324 sex
880 2282 1011 2339 septemve
1028 2277 1107 2329 libelli
1124 2313 1275 2331 .....

401 2343 492 2403 Quinte
510 2339 663 2392 Caledonios
680 2342 754 2394 Ovidi
771 2344 858 2394 virtue
871 2342 1006 2396 Britannos
1018 2382 1274 2400 ........

402 2410 573 2474 Quintiliane,
591 2426 674 2477 vagae
689 2412 831 2463 moderator
848 2428 946 2464 summe
961 2416 1098 2466 iuventae.
1126 2450 1133 2463 .
1159 2452 1164 2464 .
1194 2451 1200 2465 .
1230 2454 1237 2469 .
1265 2452 1274 2467 .

399 2479 520 2539 Quintum
533 2496 580 2547 pro
596 2482 714 2539 Decimo,
728 2497 773 2547 pro
792 2480 896 2543 Crasso,
909 2482 1021 2548 Regula,
1038 2486 1150 2535 Macram
1193 2520 1199 2533 .
1229 2524 1236 2537 .
1265 2521 1274 2538 .
1375 2524 1383 2549 ,

399 2548 507 2609 QuIntus
524 2560 669 2601 nostrornm
687 2551 814 2612 liberent,
832 2553 962 2616 Auguste,
976 2553 1090 2603 iocorum
1121 2589 1128 2602 .
1157 2590 1165 2603 .
1193 2588 1200 2602 .
1229 2592 1236 2607 .
1264 2590 1272 2606 .

399 2618 462 2677 Quis
476 2619 548 2670 labor
564 2622 591 2669 in
607 2619 710 2685 phiala?
727 2619 795 2670 docti
811 2621 883 2687 Myos
901 2635 967 2672 anne
983 2620 1120 2687 Myronos?
1161 2659 1168 2670 .
1193 2659 1199 2670 .
1228 2662 1236 2674 .
1265 2660 1272 2675 .
1372 2661 1381 2686 ,

399 2686 462 2745 Quis
476 2688 605 2738 Palatinos
620 2689 734 2739 imitatur
751 2690 863 2755 imagine
878 2688 963 2740 voltus
990 2725 1271 2744 .........

398 2755 462 2815 Quis
476 2772 541 2821 puer
557 2756 599 2806 hic
616 2757 705 2807 nitidis
722 2758 823 2808 absistit
841 2758 970 2809 Ianthidos
985 2760 1061 2809 undis
1088 2794 1095 2810 .
1123 2796 1129 2809 .
1157 2796 1164 2811 .
1192 2795 1198 2808 .
1228 2798 1235 2812 .
1264 2798 1271 2813 .
1372 2798 1382 2822 ,

399 2823 476 2885 Quis,
491 2839 570 2891 rogo,
588 2831 640 2874 tarn
656 2826 747 2886 dunis,
764 2828 822 2890 quis
839 2834 892 2877 tam
908 2827 958 2877 luit
974 2827 1018 2879 iile
1034 2829 1159 2895 superbus
1192 2865 1198 2878 .
1227 2867 1234 2881 .
1263 2867 1270 2880 .

399 2892 501 2951 Quiete
515 2892 636 2943 Phidiaco
655 2894 804 2955 formatam,
820 2896 899 2955 Iulia,
919 2896 991 2946 caelo
1018 2932 1270 2951 ........
1341 2901 1384 2956 vt,
1397 2894 1433 2949 lt.

399 2962 462 3020 Quis
478 2961 526 3011 tibi
543 2964 669 3025 persuasit
683 2979 758 3014 nares
773 2964 904 3014 abscidere
917 2966 1040 3017 moecho?
1053 3001 1270 3018 .......
1342 2969 1381 3025 111,
1397 2967 1433 3018 85·

399 3028 519 3093 Quisquis
535 3030 681 3083 Flaminiam
696 3034 770 3092 teris,
790 3036 871 3083 viator
882 3070 1270 3089 ............
1335 3036 1378 3097 x1,
1396 3031 1432 3087 1³.

398 3097 519 3161 Quisquis
537 3097 601 3148 laeta
616 3103 667 3151 tuis
684 3111 708 3151 et
725 3116 782 3153 sera
796 3104 944 3167 parentibus
962 3110 1035 3170 optas
1053 3140 1270 3158 .......
1346 3106 1378 3165 Χ,
1396 3102 1431 3153 71.

399 3165 519 3231 Quisquis
537 3167 649 3220 stolaeve
667 3185 828 3237 purpuraeve
840 3179 998 3239 contemptor
1017 3208 1164 3225 .....
1187 3210 1198 3239 ,.
1227 3212 1234 3225 .
1263 3210 1270 3225 .
1363 3171 1395 3234 Χ,
1411 3171 1433 3221 5.

398 3234 453 3295 Qun
468 3238 552 3302 possit
564 3237 618 3288 fleri
637 3240 727 3301 modo,
747 3238 839 3292 Severe
879 3277 1270 3295 ............
1324 3243 1379 3303 VII,
1396 3239 1431 3292 34

398 3301 453 3363 Quo
472 3314 512 3365 tu,
530 3321 596 3369 quo,
612 3307 676 3360 liber
694 3309 788 3373 otiose,
803 3310 889 3360 tendis
912 3345 1269 3363 ...........
1357 3310 1398 3372 XI,
1412 3309 1432 3358 l·

398 3371 453 3430 Quo
471 3373 512 3425 vis
526 3390 625 3440 cunque
643 3376 698 3427 loco
713 3386 786 3443 potes
804 3377 873 3427 huno
886 3379 959 3430 lluire
975 3379 1089 3431 libellum
1119 3415 1127 3432 .
1153 3416 1162 3431 .
1190 3416 1197 3431 .
1225 3417 1234 3432 .
1261 3415 1270 3432 .
1293 3381 1364 3443 XlV,
1381 3381 1434 3437 ht.

398 3441 472 3498 Quod
488 3441 565 3507 alpha
581 3446 648 3507 dixi,
668 3444 764 3504 Corde,
779 3447 973 3513 paenulatorum
982 3484 1269 3502 .........
1345 3450 1378 3511 V,
1396 3446 1433 3498 26.

397 3508 471 3568 Quod
489 3510 607 3565 Caietano
626 3516 726 3582 reddis,
742 3515 922 3581 Polycharmo,
939 3518 1045 3569 tabellas
1085 3556 1092 3570 .
1120 3554 1128 3569 .
1155 3554 1163 3570 .
1190 3555 1197 3569 .
1225 3554 1234 3571 .
1262 3554 1270 3571 .
1310 3519 1379 3580 vm,
1397 3515 1429 3569 37·

397 3576 470 3637 Quod
485 3579 580 3633 clamas
597 3598 712 3649 semper,
732 3586 801 3648 quod
819 3587 953 3651 agentibus
968 3588 1108 3654 obstrepis,
1125 3588 1199 3639 Aeli.
1225 3624 1233 3639 .
1263 3632 1270 3645 ,
1355 3588 1376 3648 1,
1395 3583 1431 3638 Qi-

303 3763 418 4167 ,

795 4261 798 4266 .
818 4251 892 4293 .....,
