<?xml version="1.0" encoding="UTF-8"?>
<!DOCTYPE html PUBLIC "-//W3C//DTD XHTML 1.0 Transitional//EN"
    "http://www.w3.org/TR/xhtml1/DTD/xhtml1-transitional.dtd">
<html xmlns="http://www.w3.org/1999/xhtml" xml:lang="en" lang="en">
 <head>
  <title>
</title>
<meta http-equiv="Content-Type" content="text/html;charset=utf-8" />
  <meta name='ocr-system' content='tesseract 3.04.00' />
  <meta name='ocr-capabilities' content='ocr_page ocr_carea ocr_par ocr_line ocrx_word'/>
</head>
<body>
  <div class='ocr_page' id='page_1' title='image "./satirarumlibriq00juvegoog_0387.png"; bbox 0 0 3434 4575; ppageno 0'>
   <div class='ocr_carea' id='block_1_1' title="bbox 514 487 1297 560">
    <p class='ocr_par' dir='ltr' id='par_1_1' title="bbox 514 487 1297 560">
     <span class='ocr_line' id='line_1_1' title="bbox 514 487 1297 560; baseline 0.01 -11"><span class='ocrx_word' id='word_1_1' title='bbox 514 490 853 552; x_wconf 79' lang='lat' dir='ltr'><strong>nP1oRAMMATON</strong></span> <span class='ocrx_word' id='word_1_2' title='bbox 867 492 944 552; x_wconf 86' lang='lat' dir='ltr'>LIII.</span> <span class='ocrx_word' id='word_1_3' title='bbox 958 492 1037 560; x_wconf 85' lang='lat' dir='ltr'>VIII.</span> <span class='ocrx_word' id='word_1_4' title='bbox 1236 487 1297 557; x_wconf 81' lang='grc'><strong>181</strong></span> 
     </span>
    </p>
   </div>
   <div class='ocr_carea' id='block_1_2' title="bbox 724 692 821 756">
    <p class='ocr_par' dir='ltr' id='par_1_2' title="bbox 724 692 821 756">
     <span class='ocr_line' id='line_1_2' title="bbox 724 692 821 756; baseline 0.021 -2"><span class='ocrx_word' id='word_1_5' title='bbox 724 692 821 756; x_wconf 86' lang='lat' dir='ltr'>XXV.</span> 
     </span>
    </p>
   </div>
   <div class='ocr_carea' id='block_1_3' title="bbox 337 804 948 972">
    <p class='ocr_par' dir='ltr' id='par_1_3' title="bbox 337 804 948 972">
     <span class='ocr_line' id='line_1_3' title="bbox 337 804 901 887; baseline -0.009 -15"><span class='ocrx_word' id='word_1_6' title='bbox 337 806 453 872; x_wconf 82' lang='lat' dir='ltr'><strong>Vidisti</strong></span> <span class='ocrx_word' id='word_1_7' title='bbox 467 804 581 884; x_wconf 88' lang='lat' dir='ltr'><strong>semel,</strong></span> <span class='ocrx_word' id='word_1_8' title='bbox 604 806 760 887; x_wconf 80' lang='lat' dir='ltr'><strong>Oppiane,</strong></span> <span class='ocrx_word' id='word_1_9' title='bbox 781 814 901 868; x_wconf 86' lang='lat' dir='ltr'><strong>tantum</strong></span> 
     </span>
     <span class='ocr_line' id='line_1_4' title="bbox 338 889 948 972; baseline -0.003 -18"><span class='ocrx_word' id='word_1_10' title='bbox 338 895 474 971; x_wconf 81' lang='lat' dir='ltr'><strong>Aegrum</strong></span> <span class='ocrx_word' id='word_1_11' title='bbox 491 909 539 950; x_wconf 90' lang='lat' dir='ltr'><strong>me</strong></span> <span class='ocrx_word' id='word_1_12' title='bbox 554 889 648 951; x_wconf 84' lang='lat' dir='ltr'><strong>male:</strong></span> <span class='ocrx_word' id='word_1_13' title='bbox 670 909 763 972; x_wconf 87' lang='lat' dir='ltr'><strong>saepe</strong></span> <span class='ocrx_word' id='word_1_14' title='bbox 779 898 811 953; x_wconf 87' lang='lat' dir='ltr'><strong>te</strong></span> <span class='ocrx_word' id='word_1_15' title='bbox 825 890 948 952; x_wconf 86' lang='lat' dir='ltr'><strong>videbo.</strong></span> 
     </span>
    </p>
   </div>
   <div class='ocr_carea' id='block_1_4' title="bbox 724 1025 834 1089">
    <p class='ocr_par' dir='ltr' id='par_1_4' title="bbox 724 1025 834 1089">
     <span class='ocr_line' id='line_1_5' title="bbox 724 1025 834 1089; baseline -0.009 -2"><span class='ocrx_word' id='word_1_16' title='bbox 724 1025 834 1089; x_wconf 89' lang='lat' dir='ltr'>XXVI.</span> 
     </span>
    </p>
   </div>
   <div class='ocr_carea' id='block_1_5' title="bbox 311 1139 1199 1808">
    <p class='ocr_par' dir='ltr' id='par_1_5' title="bbox 335 1139 1104 1306">
     <span class='ocr_line' id='line_1_6' title="bbox 335 1139 1018 1220; baseline 0 -18"><span class='ocrx_word' id='word_1_17' title='bbox 335 1141 405 1202; x_wconf 92' lang='lat' dir='ltr'><strong>Non</strong></span> <span class='ocrx_word' id='word_1_18' title='bbox 418 1146 466 1200; x_wconf 89' lang='lat' dir='ltr'><strong>tot</strong></span> <span class='ocrx_word' id='word_1_19' title='bbox 479 1141 512 1200; x_wconf 90' lang='lat' dir='ltr'><strong>iu</strong></span> <span class='ocrx_word' id='word_1_20' title='bbox 526 1139 602 1200; x_wconf 81' lang='lat' dir='ltr'><strong>Eois</strong></span> <span class='ocrx_word' id='word_1_21' title='bbox 617 1139 720 1200; x_wconf 87' lang='lat' dir='ltr'><strong>timuit</strong></span> <span class='ocrx_word' id='word_1_22' title='bbox 734 1140 922 1220; x_wconf 79' lang='lat' dir='ltr'><strong>Gangeticus</strong></span> <span class='ocrx_word' id='word_1_23' title='bbox 938 1143 1018 1202; x_wconf 84' lang='lat' dir='ltr'><strong>arvis</strong></span> 
     </span>
     <span class='ocr_line' id='line_1_7' title="bbox 380 1224 1104 1306; baseline 0.004 -22"><span class='ocrx_word' id='word_1_24' title='bbox 380 1225 514 1304; x_wconf 80' lang='lat' dir='ltr'><strong>Iloptor,</strong></span> <span class='ocrx_word' id='word_1_25' title='bbox 536 1226 570 1283; x_wconf 85' lang='lat' dir='ltr'><strong>iu</strong></span> <span class='ocrx_word' id='word_1_26' title='bbox 583 1224 729 1303; x_wconf 83' lang='lat' dir='ltr'><strong>Hyrcano</strong></span> <span class='ocrx_word' id='word_1_27' title='bbox 745 1225 798 1304; x_wconf 87' lang='lat' dir='ltr'><strong>qui</strong></span> <span class='ocrx_word' id='word_1_28' title='bbox 810 1225 892 1303; x_wconf 85' lang='lat' dir='ltr'><strong>fugit</strong></span> <span class='ocrx_word' id='word_1_29' title='bbox 906 1225 992 1286; x_wconf 85' lang='lat' dir='ltr'><strong>albus</strong></span> <span class='ocrx_word' id='word_1_30' title='bbox 1007 1245 1104 1306; x_wconf 78' lang='lat' dir='ltr'><strong>equo,</strong></span> 
     </span>
    </p>

    <p class='ocr_par' dir='ltr' id='par_1_6' title="bbox 335 1307 1167 1472">
     <span class='ocr_line' id='line_1_8' title="bbox 335 1307 1167 1390; baseline 0.002 -22"><span class='ocrx_word' id='word_1_31' title='bbox 335 1310 419 1386; x_wconf 75' lang='lat' dir='ltr'><strong>Quot</strong></span> <span class='ocrx_word' id='word_1_32' title='bbox 433 1315 486 1368; x_wconf 85' lang='lat' dir='ltr'><strong>tna</strong></span> <span class='ocrx_word' id='word_1_33' title='bbox 498 1308 595 1369; x_wconf 83' lang='lat' dir='ltr'><strong>Iloma</strong></span> <span class='ocrx_word' id='word_1_34' title='bbox 609 1327 702 1368; x_wconf 85' lang='lat' dir='ltr'><strong>novos</strong></span> <span class='ocrx_word' id='word_1_35' title='bbox 716 1307 810 1387; x_wconf 81' lang='lat' dir='ltr'><strong>vidit,</strong></span> <span class='ocrx_word' id='word_1_36' title='bbox 833 1310 1032 1389; x_wconf 83' lang='lat' dir='ltr'><strong>Germanice,</strong></span> <span class='ocrx_word' id='word_1_37' title='bbox 1053 1312 1167 1390; x_wconf 80' lang='lat' dir='ltr'><strong>tigres:</strong></span> 
     </span>
     <span class='ocr_line' id='line_1_9' title="bbox 376 1390 968 1472; baseline 0.005 -21"><span class='ocrx_word' id='word_1_38' title='bbox 376 1390 511 1452; x_wconf 86' lang='lat' dir='ltr'><strong>Delicias</strong></span> <span class='ocrx_word' id='word_1_39' title='bbox 524 1393 627 1472; x_wconf 92' lang='lat' dir='ltr'><strong>potuit</strong></span> <span class='ocrx_word' id='word_1_40' title='bbox 640 1410 699 1452; x_wconf 91' lang='lat' dir='ltr'><strong>nec</strong></span> <span class='ocrx_word' id='word_1_41' title='bbox 712 1410 876 1453; x_wconf 91' lang='lat' dir='ltr'><strong>numerare</strong></span> <span class='ocrx_word' id='word_1_42' title='bbox 890 1414 968 1456; x_wconf 89' lang='lat' dir='ltr'><strong>suas.</strong></span> 
     </span>
    </p>

    <p class='ocr_par' dir='ltr' id='par_1_7' title="bbox 311 1475 1199 1559">
     <span class='ocr_line' id='line_1_10' title="bbox 311 1475 1199 1559; baseline 0 -19"><span class='ocrx_word' id='word_1_43' title='bbox 311 1476 441 1540; x_wconf 81' lang='lat' dir='ltr'><strong>5Vlncit</strong></span> <span class='ocrx_word' id='word_1_44' title='bbox 453 1475 644 1556; x_wconf 79' lang='lat' dir='ltr'><strong>Erythraeos</strong></span> <span class='ocrx_word' id='word_1_45' title='bbox 658 1482 725 1554; x_wconf 89' lang='lat' dir='ltr'><strong>tna,</strong></span> <span class='ocrx_word' id='word_1_46' title='bbox 745 1478 874 1557; x_wconf 77' lang='lat' dir='ltr'><strong>Caesar,</strong></span> <span class='ocrx_word' id='word_1_47' title='bbox 898 1479 1014 1539; x_wconf 89' lang='lat' dir='ltr'><strong>harena</strong></span> <span class='ocrx_word' id='word_1_48' title='bbox 1027 1479 1199 1559; x_wconf 81' lang='lat' dir='ltr'><strong>triumphos</strong></span> 
     </span>
    </p>

    <p class='ocr_par' dir='ltr' id='par_1_8' title="bbox 377 1558 930 1642">
     <span class='ocr_line' id='line_1_11' title="bbox 377 1558 930 1642; baseline 0.005 -21"><span class='ocrx_word' id='word_1_49' title='bbox 377 1561 419 1621; x_wconf 82' lang='lat' dir='ltr'><strong>Et</strong></span> <span class='ocrx_word' id='word_1_50' title='bbox 435 1560 562 1621; x_wconf 88' lang='lat' dir='ltr'><strong>victoris</strong></span> <span class='ocrx_word' id='word_1_51' title='bbox 577 1579 652 1641; x_wconf 87' lang='lat' dir='ltr'><strong>opes</strong></span> <span class='ocrx_word' id='word_1_52' title='bbox 668 1558 851 1642; x_wconf 79' lang='lat' dir='ltr'><strong>dialtiasqne</strong></span> <span class='ocrx_word' id='word_1_53' title='bbox 870 1562 930 1626; x_wconf 92' lang='lat' dir='ltr'><strong>dei.</strong></span> 
     </span>
    </p>

    <p class='ocr_par' dir='ltr' id='par_1_9' title="bbox 337 1644 1123 1808">
     <span class='ocr_line' id='line_1_12' title="bbox 337 1644 1123 1725; baseline 0.001 -20"><span class='ocrx_word' id='word_1_54' title='bbox 337 1644 413 1705; x_wconf 87' lang='lat' dir='ltr'><strong>Nom</strong></span> <span class='ocrx_word' id='word_1_55' title='bbox 429 1664 497 1705; x_wconf 90' lang='lat' dir='ltr'><strong>cnm</strong></span> <span class='ocrx_word' id='word_1_56' title='bbox 512 1646 648 1725; x_wconf 78' lang='lat' dir='ltr'><strong>captiuos</strong></span> <span class='ocrx_word' id='word_1_57' title='bbox 663 1653 771 1723; x_wconf 81' lang='lat' dir='ltr'><strong>ageret</strong></span> <span class='ocrx_word' id='word_1_58' title='bbox 786 1648 842 1706; x_wconf 86' lang='lat' dir='ltr'><strong>sub</strong></span> <span class='ocrx_word' id='word_1_59' title='bbox 858 1648 999 1707; x_wconf 85' lang='lat' dir='ltr'><strong>curribus</strong></span> <span class='ocrx_word' id='word_1_60' title='bbox 1013 1645 1123 1724; x_wconf 88' lang='lat' dir='ltr'><strong>Indos,</strong></span> 
     </span>
     <span class='ocr_line' id='line_1_13' title="bbox 378 1727 1059 1808; baseline 0.003 -18"><span class='ocrx_word' id='word_1_61' title='bbox 378 1729 551 1790; x_wconf 73' lang='lat' dir='ltr'><strong>Contentus</strong></span> <span class='ocrx_word' id='word_1_62' title='bbox 566 1730 686 1808; x_wconf 81' lang='lat' dir='ltr'><strong>gemiua</strong></span> <span class='ocrx_word' id='word_1_63' title='bbox 700 1727 816 1807; x_wconf 81' lang='lat' dir='ltr'><strong>tigride</strong></span> <span class='ocrx_word' id='word_1_64' title='bbox 830 1730 968 1791; x_wconf 83' lang='lat' dir='ltr'><strong>Bacchus</strong></span> <span class='ocrx_word' id='word_1_65' title='bbox 983 1737 1059 1792; x_wconf 89' lang='lat' dir='ltr'><strong>erat.</strong></span> 
     </span>
    </p>
   </div>
   <div class='ocr_carea' id='block_1_6' title="bbox 712 1862 835 1925">
    <p class='ocr_par' dir='ltr' id='par_1_10' title="bbox 712 1862 835 1925">
     <span class='ocr_line' id='line_1_14' title="bbox 712 1862 835 1925; baseline 0.016 -3"><span class='ocrx_word' id='word_1_66' title='bbox 712 1862 835 1925; x_wconf 92' lang='lat' dir='ltr'>XXVII.</span> 
     </span>
    </p>
   </div>
   <div class='ocr_carea' id='block_1_7' title="bbox 335 1972 1167 2140">
    <p class='ocr_par' dir='ltr' id='par_1_11' title="bbox 335 1972 1167 2140">
     <span class='ocr_line' id='line_1_15' title="bbox 335 1972 1167 2057; baseline 0.002 -22"><span class='ocrx_word' id='word_1_67' title='bbox 335 1974 469 2035; x_wconf 83' lang='lat' dir='ltr'><strong>Munera</strong></span> <span class='ocrx_word' id='word_1_68' title='bbox 484 1974 536 2053; x_wconf 89' lang='lat' dir='ltr'><strong>qui</strong></span> <span class='ocrx_word' id='word_1_69' title='bbox 551 1974 609 2034; x_wconf 91' lang='lat' dir='ltr'><strong>tibi</strong></span> <span class='ocrx_word' id='word_1_70' title='bbox 624 1973 677 2035; x_wconf 87' lang='lat' dir='ltr'><strong>dat</strong></span> <span class='ocrx_word' id='word_1_71' title='bbox 690 1972 858 2056; x_wconf 75' lang='lat' dir='ltr'><strong>locupleti,</strong></span> <span class='ocrx_word' id='word_1_72' title='bbox 879 1977 998 2055; x_wconf 82' lang='lat' dir='ltr'><strong>Gauro,</strong></span> <span class='ocrx_word' id='word_1_73' title='bbox 1021 1977 1167 2057; x_wconf 83' lang='lat' dir='ltr'><strong>senique,</strong></span> 
     </span>
     <span class='ocr_line' id='line_1_16' title="bbox 378 2057 1113 2140; baseline 0.004 -23"><span class='ocrx_word' id='word_1_74' title='bbox 378 2057 413 2132; x_wconf 67' lang='lat' dir='ltr'><strong>Si</strong></span> <span class='ocrx_word' id='word_1_75' title='bbox 428 2059 509 2137; x_wconf 83' lang='lat' dir='ltr'><strong>sapis</strong></span> <span class='ocrx_word' id='word_1_76' title='bbox 524 2064 558 2117; x_wconf 92' lang='lat' dir='ltr'><strong>et</strong></span> <span class='ocrx_word' id='word_1_77' title='bbox 571 2060 686 2138; x_wconf 83' lang='lat' dir='ltr'><strong>sentis,</strong></span> <span class='ocrx_word' id='word_1_78' title='bbox 707 2060 767 2119; x_wconf 92' lang='lat' dir='ltr'><strong>hoc</strong></span> <span class='ocrx_word' id='word_1_79' title='bbox 782 2062 840 2121; x_wconf 90' lang='lat' dir='ltr'><strong>tibi</strong></span> <span class='ocrx_word' id='word_1_80' title='bbox 855 2062 900 2121; x_wconf 90' lang='lat' dir='ltr'><strong>ait</strong></span> <span class='ocrx_word' id='word_1_81' title='bbox 911 2061 1094 2140; x_wconf 87' lang='lat' dir='ltr'><strong>„Morere.“</strong></span> <span class='ocrx_word' id='word_1_82' title='bbox 1110 2105 1113 2108; x_wconf 46' lang='lat'><strong>&lt;</strong></span> 
     </span>
    </p>
   </div>
   <div class='ocr_carea' id='block_1_8' title="bbox 705 2208 840 2271">
    <p class='ocr_par' dir='ltr' id='par_1_12' title="bbox 705 2208 840 2271">
     <span class='ocr_line' id='line_1_17' title="bbox 705 2208 840 2271; baseline 0.015 -2"><span class='ocrx_word' id='word_1_83' title='bbox 705 2208 840 2271; x_wconf 87' lang='lat' dir='ltr'>XXVIII.</span> 
     </span>
    </p>
   </div>
   <div class='ocr_carea' id='block_1_9' title="bbox 293 2321 1168 3641">
    <p class='ocr_par' dir='ltr' id='par_1_13' title="bbox 293 2321 1168 3641">
     <span class='ocr_line' id='line_1_18' title="bbox 336 2321 1136 2403; baseline 0.004 -22"><span class='ocrx_word' id='word_1_84' title='bbox 336 2321 410 2400; x_wconf 83' lang='lat' dir='ltr'><strong>llic,</strong></span> <span class='ocrx_word' id='word_1_85' title='bbox 431 2327 519 2400; x_wconf 82' lang='lat' dir='ltr'><strong>toga,</strong></span> <span class='ocrx_word' id='word_1_86' title='bbox 540 2321 665 2382; x_wconf 83' lang='lat' dir='ltr'><strong>facundi</strong></span> <span class='ocrx_word' id='word_1_87' title='bbox 680 2330 799 2401; x_wconf 87' lang='lat' dir='ltr'><strong>gratnm</strong></span> <span class='ocrx_word' id='word_1_88' title='bbox 814 2323 889 2382; x_wconf 86' lang='lat' dir='ltr'><strong>milri</strong></span> <span class='ocrx_word' id='word_1_89' title='bbox 903 2341 1012 2381; x_wconf 88' lang='lat' dir='ltr'><strong>munus</strong></span> <span class='ocrx_word' id='word_1_90' title='bbox 1029 2326 1136 2403; x_wconf 82' lang='lat' dir='ltr'><strong>amici,</strong></span> 
     </span>
     <span class='ocr_line' id='line_1_19' title="bbox 376 2405 1054 2485; baseline 0.001 -19"><span class='ocrx_word' id='word_1_91' title='bbox 376 2406 455 2466; x_wconf 84' lang='lat' dir='ltr'><strong>Esse</strong></span> <span class='ocrx_word' id='word_1_92' title='bbox 469 2405 545 2464; x_wconf 89' lang='lat' dir='ltr'><strong>velis</strong></span> <span class='ocrx_word' id='word_1_93' title='bbox 560 2407 646 2465; x_wconf 82' lang='lat' dir='ltr'><strong>cuins</strong></span> <span class='ocrx_word' id='word_1_94' title='bbox 660 2406 739 2466; x_wconf 83' lang='lat' dir='ltr'><strong>fama</strong></span> <span class='ocrx_word' id='word_1_95' title='bbox 754 2406 911 2485; x_wconf 86' lang='lat' dir='ltr'><strong>decusque</strong></span> <span class='ocrx_word' id='word_1_96' title='bbox 927 2407 1054 2484; x_wconf 73' lang='lat' dir='ltr'><strong>gregis?</strong></span> 
     </span>
     <span class='ocr_line' id='line_1_20' title="bbox 335 2487 1090 2569; baseline 0.003 -19"><span class='ocrx_word' id='word_1_97' title='bbox 335 2488 458 2569; x_wconf 78' lang='lat' dir='ltr'><strong>Appula</strong></span> <span class='ocrx_word' id='word_1_98' title='bbox 469 2487 585 2549; x_wconf 84' lang='lat' dir='ltr'><strong>Ledaei</strong></span> <span class='ocrx_word' id='word_1_99' title='bbox 601 2490 659 2549; x_wconf 91' lang='lat' dir='ltr'><strong>tibi</strong></span> <span class='ocrx_word' id='word_1_100' title='bbox 674 2491 781 2549; x_wconf 89' lang='lat' dir='ltr'><strong>floruit</strong></span> <span class='ocrx_word' id='word_1_101' title='bbox 796 2491 893 2549; x_wconf 88' lang='lat' dir='ltr'><strong>herba</strong></span> <span class='ocrx_word' id='word_1_102' title='bbox 908 2488 1090 2568; x_wconf 79' lang='lat' dir='ltr'><strong>PhalanIbI,</strong></span> 
     </span>
     <span class='ocr_line' id='line_1_21' title="bbox 379 2571 1122 2655; baseline 0.004 -22"><span class='ocrx_word' id='word_1_103' title='bbox 379 2574 446 2649; x_wconf 78' lang='lat' dir='ltr'><strong>Qua</strong></span> <span class='ocrx_word' id='word_1_104' title='bbox 460 2579 577 2633; x_wconf 88' lang='lat' dir='ltr'><strong>saturat</strong></span> <span class='ocrx_word' id='word_1_105' title='bbox 592 2572 731 2635; x_wconf 79' lang='lat' dir='ltr'><strong>Calabris</strong></span> <span class='ocrx_word' id='word_1_106' title='bbox 748 2573 830 2633; x_wconf 79' lang='lat' dir='ltr'><strong>culta</strong></span> <span class='ocrx_word' id='word_1_107' title='bbox 847 2571 1002 2637; x_wconf 61' lang='lat' dir='ltr'><strong>Galaesus.</strong></span> <span class='ocrx_word' id='word_1_108' title='bbox 1013 2576 1122 2655; x_wconf 67' lang='lat' dir='ltr'><strong>aquis?</strong></span> 
     </span>
     <span class='ocr_line' id='line_1_22' title="bbox 313 2656 1023 2719; baseline -0.003 0"><span class='ocrx_word' id='word_1_109' title='bbox 313 2658 387 2719; x_wconf 80' lang='lat' dir='ltr'><strong>5An</strong></span> <span class='ocrx_word' id='word_1_110' title='bbox 401 2657 615 2718; x_wconf 80' lang='lat' dir='ltr'><strong>Tartessiacos</strong></span> <span class='ocrx_word' id='word_1_111' title='bbox 634 2656 745 2717; x_wconf 86' lang='lat' dir='ltr'><strong>stabuli</strong></span> <span class='ocrx_word' id='word_1_112' title='bbox 759 2657 895 2718; x_wconf 89' lang='lat' dir='ltr'><strong>nutritor</strong></span> <span class='ocrx_word' id='word_1_113' title='bbox 909 2658 1023 2718; x_wconf 88' lang='lat' dir='ltr'><strong>Hiberi</strong></span> 
     </span>
     <span class='ocr_line' id='line_1_23' title="bbox 378 2739 1069 2822; baseline 0.001 -22"><span class='ocrx_word' id='word_1_114' title='bbox 378 2741 483 2802; x_wconf 87' lang='lat' dir='ltr'><strong>Baetis</strong></span> <span class='ocrx_word' id='word_1_115' title='bbox 497 2743 531 2801; x_wconf 90' lang='lat' dir='ltr'><strong>in</strong></span> <span class='ocrx_word' id='word_1_116' title='bbox 544 2742 698 2822; x_wconf 89' lang='lat' dir='ltr'><strong>Hesperia</strong></span> <span class='ocrx_word' id='word_1_117' title='bbox 711 2747 744 2801; x_wconf 86' lang='lat' dir='ltr'><strong>te</strong></span> <span class='ocrx_word' id='word_1_118' title='bbox 761 2759 883 2819; x_wconf 86' lang='lat' dir='ltr'><strong>quoquc</strong></span> <span class='ocrx_word' id='word_1_119' title='bbox 897 2739 974 2801; x_wconf 87' lang='lat' dir='ltr'><strong>lavit</strong></span> <span class='ocrx_word' id='word_1_120' title='bbox 990 2742 1069 2801; x_wconf 71' lang='lat' dir='ltr'><strong>ove?</strong></span> 
     </span>
     <span class='ocr_line' id='line_1_24' title="bbox 336 2822 1108 2904; baseline 0.003 -21"><span class='ocrx_word' id='word_1_121' title='bbox 336 2825 383 2884; x_wconf 81' lang='lat' dir='ltr'><strong>An</strong></span> <span class='ocrx_word' id='word_1_122' title='bbox 397 2828 449 2886; x_wconf 88' lang='lat' dir='ltr'><strong>tua</strong></span> <span class='ocrx_word' id='word_1_123' title='bbox 464 2824 647 2886; x_wconf 80' lang='lat' dir='ltr'><strong>multifidum</strong></span> <span class='ocrx_word' id='word_1_124' title='bbox 662 2825 834 2884; x_wconf 84' lang='lat' dir='ltr'><strong>numeravit</strong></span> <span class='ocrx_word' id='word_1_125' title='bbox 846 2822 918 2885; x_wconf 86' lang='lat' dir='ltr'><strong>lana</strong></span> <span class='ocrx_word' id='word_1_126' title='bbox 933 2823 1108 2904; x_wconf 77' lang='lat' dir='ltr'><strong>limarum,</strong></span> 
     </span>
     <span class='ocr_line' id='line_1_25' title="bbox 380 2907 1069 2990; baseline 0 -21"><span class='ocrx_word' id='word_1_127' title='bbox 380 2909 478 2986; x_wconf 79' lang='lat' dir='ltr'><strong>Quem</strong></span> <span class='ocrx_word' id='word_1_128' title='bbox 492 2911 562 2990; x_wconf 91' lang='lat' dir='ltr'><strong>pins</strong></span> <span class='ocrx_word' id='word_1_129' title='bbox 576 2909 722 2969; x_wconf 80' lang='lat' dir='ltr'><strong>astrifero</strong></span> <span class='ocrx_word' id='word_1_130' title='bbox 737 2907 883 2989; x_wconf 81' lang='lat' dir='ltr'><strong>Cyllarus</strong></span> <span class='ocrx_word' id='word_1_131' title='bbox 897 2927 953 2970; x_wconf 89' lang='lat' dir='ltr'><strong>ore</strong></span> <span class='ocrx_word' id='word_1_132' title='bbox 967 2910 1069 2971; x_wconf 65' lang='lat' dir='ltr'><strong>bibit?</strong></span> 
     </span>
     <span class='ocr_line' id='line_1_26' title="bbox 338 2991 1021 3074; baseline 0.004 -23"><span class='ocrx_word' id='word_1_133' title='bbox 338 2991 385 3052; x_wconf 88' lang='lat' dir='ltr'><strong>&#39;Ie</strong></span> <span class='ocrx_word' id='word_1_134' title='bbox 399 3012 458 3054; x_wconf 92' lang='lat' dir='ltr'><strong>nec</strong></span> <span class='ocrx_word' id='word_1_135' title='bbox 471 2993 638 3074; x_wconf 81' lang='lat' dir='ltr'><strong>Amyclaeo</strong></span> <span class='ocrx_word' id='word_1_136' title='bbox 655 2992 870 3063; x_wconf 86' lang='lat' dir='ltr'><strong>decuitlivere</strong></span> <span class='ocrx_word' id='word_1_137' title='bbox 884 3012 1021 3073; x_wconf 77' lang='lat' dir='ltr'><strong>veneno,</strong></span> 
     </span>
     <span class='ocr_line' id='line_1_27' title="bbox 293 3075 984 3157; baseline 0.001 -19"><span class='ocrx_word' id='word_1_138' title='bbox 293 3086 329 3139; x_wconf 87' lang='lat' dir='ltr'><strong>lo</strong></span> <span class='ocrx_word' id='word_1_139' title='bbox 375 3075 442 3138; x_wconf 89' lang='lat' dir='ltr'><strong>Nec</strong></span> <span class='ocrx_word' id='word_1_140' title='bbox 456 3077 584 3138; x_wconf 89' lang='lat' dir='ltr'><strong>Miletos</strong></span> <span class='ocrx_word' id='word_1_141' title='bbox 597 3084 665 3137; x_wconf 90' lang='lat' dir='ltr'><strong>erat</strong></span> <span class='ocrx_word' id='word_1_142' title='bbox 678 3076 799 3138; x_wconf 85' lang='lat' dir='ltr'><strong>vellere</strong></span> <span class='ocrx_word' id='word_1_143' title='bbox 814 3077 906 3157; x_wconf 81' lang='lat' dir='ltr'><strong>dIgna</strong></span> <span class='ocrx_word' id='word_1_144' title='bbox 920 3085 984 3139; x_wconf 90' lang='lat' dir='ltr'><strong>tuo.</strong></span> 
     </span>
     <span class='ocr_line' id='line_1_28' title="bbox 335 3159 1067 3244; baseline 0.003 -25"><span class='ocrx_word' id='word_1_145' title='bbox 335 3159 417 3221; x_wconf 90' lang='lat' dir='ltr'><strong>Lilia</strong></span> <span class='ocrx_word' id='word_1_146' title='bbox 430 3168 465 3221; x_wconf 89' lang='lat' dir='ltr'><strong>tu</strong></span> <span class='ocrx_word' id='word_1_147' title='bbox 479 3163 577 3223; x_wconf 86' lang='lat' dir='ltr'><strong>vincis</strong></span> <span class='ocrx_word' id='word_1_148' title='bbox 591 3181 650 3222; x_wconf 89' lang='lat' dir='ltr'><strong>nec</strong></span> <span class='ocrx_word' id='word_1_149' title='bbox 665 3161 763 3223; x_wconf 90' lang='lat' dir='ltr'><strong>adbuc</strong></span> <span class='ocrx_word' id='word_1_150' title='bbox 779 3161 905 3244; x_wconf 86' lang='lat' dir='ltr'><strong>delapsa</strong></span> <span class='ocrx_word' id='word_1_151' title='bbox 919 3162 1067 3241; x_wconf 84' lang='lat' dir='ltr'><strong>IIgustru‚</strong></span> 
     </span>
     <span class='ocr_line' id='line_1_29' title="bbox 376 3245 1168 3326; baseline 0 -22"><span class='ocrx_word' id='word_1_152' title='bbox 376 3245 419 3305; x_wconf 87' lang='lat' dir='ltr'><strong>Et</strong></span> <span class='ocrx_word' id='word_1_153' title='bbox 432 3245 599 3307; x_wconf 83' lang='lat' dir='ltr'><strong>Tiburtino</strong></span> <span class='ocrx_word' id='word_1_154' title='bbox 614 3253 718 3307; x_wconf 91' lang='lat' dir='ltr'><strong>monte</strong></span> <span class='ocrx_word' id='word_1_155' title='bbox 734 3245 817 3326; x_wconf 88' lang='lat' dir='ltr'><strong>qnod</strong></span> <span class='ocrx_word' id='word_1_156' title='bbox 829 3245 913 3307; x_wconf 86' lang='lat' dir='ltr'><strong>albet</strong></span> <span class='ocrx_word' id='word_1_157' title='bbox 927 3248 1014 3306; x_wconf 89' lang='lat' dir='ltr'><strong>ebur.</strong></span> <span class='ocrx_word' id='word_1_158' title='bbox 1165 3299 1168 3304; x_wconf 88' lang='lat'><strong>.</strong></span> 
     </span>
     <span class='ocr_line' id='line_1_30' title="bbox 337 3325 1168 3409; baseline 0.002 -22"><span class='ocrx_word' id='word_1_159' title='bbox 337 3327 504 3408; x_wconf 88' lang='lat' dir='ltr'><strong>Spartanus</strong></span> <span class='ocrx_word' id='word_1_160' title='bbox 518 3330 577 3389; x_wconf 84' lang='lat' dir='ltr'><strong>tibi</strong></span> <span class='ocrx_word' id='word_1_161' title='bbox 591 3328 683 3390; x_wconf 87' lang='lat' dir='ltr'><strong>cedet</strong></span> <span class='ocrx_word' id='word_1_162' title='bbox 698 3328 766 3391; x_wconf 94' lang='lat' dir='ltr'><strong>olor</strong></span> <span class='ocrx_word' id='word_1_163' title='bbox 780 3330 978 3409; x_wconf 85' lang='lat' dir='ltr'><strong>Paphiaeque</strong></span> <span class='ocrx_word' id='word_1_164' title='bbox 992 3325 1168 3406; x_wconf 88' lang='lat' dir='ltr'><strong>columbae,</strong></span> 
     </span>
     <span class='ocr_line' id='line_1_31' title="bbox 379 3409 1024 3491; baseline 0 -19"><span class='ocrx_word' id='word_1_165' title='bbox 379 3409 482 3472; x_wconf 77' lang='lat' dir='ltr'><strong>(ledet</strong></span> <span class='ocrx_word' id='word_1_166' title='bbox 495 3412 679 3491; x_wconf 77' lang='lat' dir='ltr'><strong>Erythraeis</strong></span> <span class='ocrx_word' id='word_1_167' title='bbox 693 3420 782 3472; x_wconf 85' lang='lat' dir='ltr'><strong>eruta</strong></span> <span class='ocrx_word' id='word_1_168' title='bbox 796 3430 917 3491; x_wconf 80' lang='lat' dir='ltr'><strong>gemma</strong></span> <span class='ocrx_word' id='word_1_169' title='bbox 929 3410 1024 3473; x_wconf 78' lang='lat' dir='ltr'><strong>vadis.</strong></span> 
     </span>
     <span class='ocr_line' id='line_1_32' title="bbox 294 3491 1160 3574; baseline -0.005 -17"><span class='ocrx_word' id='word_1_170' title='bbox 294 3502 328 3557; x_wconf 79' lang='lat'><strong>15</strong></span> <span class='ocrx_word' id='word_1_171' title='bbox 336 3493 400 3553; x_wconf 89' lang='lat' dir='ltr'><strong>Sed</strong></span> <span class='ocrx_word' id='word_1_172' title='bbox 413 3492 491 3553; x_wconf 90' lang='lat' dir='ltr'><strong>licet</strong></span> <span class='ocrx_word' id='word_1_173' title='bbox 503 3494 581 3554; x_wconf 91' lang='lat' dir='ltr'><strong>haec</strong></span> <span class='ocrx_word' id='word_1_174' title='bbox 594 3496 702 3574; x_wconf 88' lang='lat' dir='ltr'><strong>primis</strong></span> <span class='ocrx_word' id='word_1_175' title='bbox 716 3496 838 3556; x_wconf 85' lang='lat' dir='ltr'><strong>nivibus</strong></span> <span class='ocrx_word' id='word_1_176' title='bbox 852 3496 916 3555; x_wconf 89' lang='lat' dir='ltr'><strong>siut</strong></span> <span class='ocrx_word' id='word_1_177' title='bbox 930 3491 1050 3559; x_wconf 87' lang='lat' dir='ltr'><strong>aemula</strong></span> <span class='ocrx_word' id='word_1_178' title='bbox 1062 3492 1160 3574; x_wconf 88' lang='lat' dir='ltr'><strong>dona,</strong></span> 
     </span>
     <span class='ocr_line' id='line_1_33' title="bbox 378 3576 989 3641; baseline 0.008 -5"><span class='ocrx_word' id='word_1_179' title='bbox 378 3577 447 3637; x_wconf 90' lang='lat' dir='ltr'><strong>Non</strong></span> <span class='ocrx_word' id='word_1_180' title='bbox 462 3584 535 3638; x_wconf 88' lang='lat' dir='ltr'><strong>sunt</strong></span> <span class='ocrx_word' id='word_1_181' title='bbox 546 3578 715 3639; x_wconf 89' lang='lat' dir='ltr'><strong>Parthenio</strong></span> <span class='ocrx_word' id='word_1_182' title='bbox 731 3576 910 3637; x_wconf 87' lang='lat' dir='ltr'><strong>candidiora</strong></span> <span class='ocrx_word' id='word_1_183' title='bbox 924 3597 989 3641; x_wconf 86' lang='lat' dir='ltr'><strong>suo.</strong></span> 
     </span>
    </p>
   </div>
   <div class='ocr_carea' id='block_1_10' title="bbox 335 3659 1189 3827">
    <p class='ocr_par' dir='ltr' id='par_1_14' title="bbox 335 3659 1189 3827">
     <span class='ocr_line' id='line_1_34' title="bbox 335 3659 1189 3743; baseline 0.002 -22"><span class='ocrx_word' id='word_1_184' title='bbox 335 3660 404 3721; x_wconf 89' lang='lat' dir='ltr'><strong>Non</strong></span> <span class='ocrx_word' id='word_1_185' title='bbox 418 3680 476 3740; x_wconf 83' lang='lat' dir='ltr'><strong>ego</strong></span> <span class='ocrx_word' id='word_1_186' title='bbox 491 3661 694 3743; x_wconf 89' lang='lat' dir='ltr'><strong>praetulerim</strong></span> <span class='ocrx_word' id='word_1_187' title='bbox 707 3659 883 3743; x_wconf 79' lang='lat' dir='ltr'><strong>Babylonos</strong></span> <span class='ocrx_word' id='word_1_188' title='bbox 896 3663 980 3742; x_wconf 89' lang='lat' dir='ltr'><strong>picta</strong></span> <span class='ocrx_word' id='word_1_189' title='bbox 995 3663 1147 3741; x_wconf 82' lang='lat' dir='ltr'><strong>superbae</strong></span> <span class='ocrx_word' id='word_1_190' title='bbox 1184 3678 1189 3695; x_wconf 90' lang='grc'><strong><em>·</em></strong></span> 
     </span>
     <span class='ocr_line' id='line_1_35' title="bbox 377 3744 1045 3827; baseline 0.001 -21"><span class='ocrx_word' id='word_1_191' title='bbox 377 3744 493 3826; x_wconf 81' lang='lat' dir='ltr'><strong>Texta,</strong></span> <span class='ocrx_word' id='word_1_192' title='bbox 515 3747 695 3808; x_wconf 74' lang='lat' dir='ltr'><strong>Semiramis</strong></span> <span class='ocrx_word' id='word_1_193' title='bbox 711 3764 789 3827; x_wconf 80' lang='lat' dir='ltr'><strong>qnae</strong></span> <span class='ocrx_word' id='word_1_194' title='bbox 802 3747 959 3807; x_wconf 81' lang='lat' dir='ltr'><strong>variantur</strong></span> <span class='ocrx_word' id='word_1_195' title='bbox 975 3765 1045 3822; x_wconf 76' lang='lat' dir='ltr'><strong>acn3</strong></span> 
     </span>
    </p>
   </div>
   <div class='ocr_carea' id='block_1_11' title="bbox 0 0 1722 4575">
    <p class='ocr_par' dir='ltr' id='par_1_15' title="bbox 0 0 1722 4575">
     <span class='ocr_line' id='line_1_36' title="bbox 0 0 1722 4575; baseline 0 0"><span class='ocrx_word' id='word_1_196' title='bbox 0 0 1722 4575; x_wconf 95' lang='lat' dir='ltr'><strong> </strong></span> 
     </span>
    </p>
   </div>
  </div>
 </body>
</html>
