3434 4575
594 488 936 549 EPIGRAMMATON
949 488 1024 548 LlB.
1038 486 1078 550 X.
1292 486 1363 551 24⁹

395 642 543 716 Promisit
558 642 676 719 pariter
691 658 725 699 se
741 636 864 716 Phyllis
879 639 1004 716 utrique
1019 637 1175 716 daturam,

437 725 478 784 Et
494 717 597 783 dedit:
619 722 676 783 ille
690 722 802 802 pedem
818 720 957 799 sustulit,
979 723 1030 781 hic
1045 724 1187 782 tunicam.
1228 799 1231 809 Ι

763 854 911 929 nxxxn.

395 957 429 1016 Si
444 955 519 1034 quid
534 962 641 1014 nostru
654 955 716 1014 tuis
731 954 826 1014 adicit
840 955 960 1014 vexatio
974 955 1084 1031 rebus,

437 1041 532 1099 Mane
549 1038 600 1099 rel
615 1059 632 1098 a
646 1038 748 1098 media
764 1041 993 1114 nocte-togatus
1008 1056 1079 1114 ero,

395 1123 635 1201 Stridentesque
651 1121 749 1181 feram
763 1123 854 1180 flatus
869 1119 1022 1199 aquilonis
1037 1122 1135 1200 iniqui

438 1208 480 1266 Et
494 1209 593 1286 patiar
607 1207 726 1265 nimbos
740 1206 950 1283 excipiamque
965 1205 1061 1267 nives.

376 1290 464 1351 used
479 1291 505 1349 si
519 1310 582 1348 non
594 1291 649 1348 fias
664 1289 834 1368 quadrante
849 1289 971 1348 beatior
985 1307 1046 1346 nno

438 1374 501 1432 Per
516 1375 647 1452 gemitus
661 1380 785 1432 nostros
799 1373 1009 1450 ingenuasque
1025 1390 1149 1449 cruces,

395 1458 509 1534 Parce,
531 1475 660 1536 precor,
681 1457 764 1516 fesso
779 1473 935 1533 vanosque
949 1456 1075 1515 remitte
1089 1454 1229 1534 labores,

438 1541 496 1618 Qui
513 1542 569 1600 tibi
584 1558 647 1599 non
661 1546 792 1619 prosunt
806 1547 839 1597 et
853 1539 944 1616 mihi,
968 1537 1076 1618 Galle,
1098 1545 1220 1600 nocent.

752 1671 915 1732 LXXXlll.

397 1773 493 1831 Raros
506 1771 628 1849 colligis
643 1773 715 1830 binc
731 1776 764 1830 et
779 1772 851 1830 binc
867 1769 997 1849 capillos

396 1856 437 1914 ut
452 1855 545 1915 latum
561 1853 694 1930 nitidae,
715 1855 854 1930 Marino,
876 1853 979 1913 calvae

399 1940 545 2020 Campum
561 1940 753 2018 temporibus
768 1938 848 2014 tegis
864 1939 1007 1998 comatis:

398 2022 460 2081 Sed
477 2025 551 2083 moti
565 2022 700 2082 redeunt
713 2022 841 2080 iubente
855 2026 947 2080 vento

374 2105 642 2184 5Reddunturque
658 2107 716 2164 sibi
732 2113 884 2185 caputque
899 2104 1014 2163 nudum

399 2192 498 2250 Cirris
513 2190 678 2268 grandibus
693 2190 766 2248 hinc
785 2195 818 2248 et
834 2187 907 2248 inde
923 2190 1058 2267 cingunt.

396 2274 482 2333 lnter
497 2274 755 2355 Spendophorum
771 2270 1073 2353 Telesphorumque·

396 2358 501 2435 Cydae
518 2366 600 2416 stare
615 2360 736 2435 putabis
750 2358 969 2417 llermeroten.

399 2441 481 2513 Quin
498 2447 531 2498 tu
546 2440 712 2517 simplicius
728 2460 833 2501 senem
848 2442 974 2520 fateris,

358 2524 442 2583 roUt
457 2522 581 2581 tandem
596 2523 727 2583 videaris
744 2544 821 2584 unus
837 2526 929 2585 esse?

399 2606 492 2665 Calvo
506 2608 626 2687 turpius
644 2606 784 2667 estnihil
799 2616 926 2668 comato.

751 2741 914 2802 LXXXIV.

396 2838 538 2917 Miraris,
561 2858 656 2919 quare
671 2840 835 2899 dormitum
851 2858 913 2897 non
928 2844 979 2898 eat
992 2838 1091 2898 Afer?

439 2922 607 2983 Accumbat
623 2945 690 2984 cum
706 2943 781 3001 qua,
805 2920 1007 2999 Caediciane,
1029 2921 1125 2983 video.

758 3032 910 3095 LXXXV.

397 3133 460 3191 lam
476 3134 581 3192 senior
595 3129 702 3189 Ladon
717 3130 887 3190 Tiberinae
900 3137 992 3191 nauta
1009 3132 1131 3191 carinae

437 3216 580 3275 Proxima
593 3213 719 3273 dilectis
731 3234 805 3273 rura
819 3217 937 3294 paravit
953 3215 1049 3293 aquis.

397 3300 482 3374 Quae
499 3318 566 3357 cum
581 3316 674 3375 saepe
689 3316 782 3374 vagus
797 3304 958 3376 premeret
973 3298 1165 3357 torrentibus
1181 3295 1273 3356 undis

440 3382 546 3439 'libris
561 3387 594 3438 et
607 3382 738 3439 hiberno
752 3386 913 3460 rumperet
927 3401 997 3439 arva
1009 3379 1094 3457 lacu,

375 3465 568 3524 5Emeritam
582 3464 725 3541 puppim,
747 3465 815 3543 ripa
830 3482 908 3542 quae
923 3465 1023 3523 stabat
1038 3465 1071 3523 in
1089 3462 1166 3540 altu,

442 3544 585 3625 implevit
599 3547 678 3604 susis
695 3549 900 3627 opposuitque
914 3547 1009 3611 vadis.

397 3630 449 3688 Sic
465 3631 573 3689 nimias
590 3632 702 3689 avertit
716 3651 817 3709 aquas.
850 3634 926 3708 Quis
943 3631 1075 3691 credere
1090 3631 1218 3711 posset?

442 3713 596 3774 Auxilium
613 3714 736 3775 domino
752 3736 851 3777 mersa
866 3718 969 3776 carina
983 3715 1064 3777 tulit.
