3434 4575
601 955 648 1028 ιι.
667 951 775 1028 ιιι.
797 951 1054 1029 nunninus

476 1123 1144 1233 *iiitiittitiitd

681 1349 683 1351 .
715 1307 826 1370 LIBER
847 1307 929 1371 xiv.

636 1495 1027 1576 Apophoreta

817 1646 838 1704 1.

392 1759 597 1840 Synthesibus
613 1755 683 1816 dum
699 1755 813 1836 gaudet
827 1773 924 1834 eques
939 1755 1140 1836 dominusque
1155 1770 1280 1817 senator

433 1843 573 1921 Dumque
588 1840 702 1901 decent
716 1846 856 1900 nostrum
870 1838 954 1917 pilea
968 1848 1087 1918 sumpta
1101 1842 1219 1914 Iovem;

390 1925 455 1988 Nec
468 1928 558 1986 timet
572 1922 705 1984 aedilem
721 1928 803 1981 moto
819 1928 961 2002 spectare
975 1922 1101 2002 fritillo,

435 2011 511 2070 (ium
527 2007 632 2069 videat
646 2004 768 2085 gelidos
784 2012 845 2066 tam
860 2017 959 2087 prope
975 2004 1069 2067 verna
1083 2007 1182 2069 lacus:

366 2094 503 2158 enimus
518 2093 654 2154 alternas
671 2098 704 2150 et
718 2092 864 2170 pauperis
879 2092 984 2170 accipe
1000 2095 1118 2151 sortes:

431 2178 572 2238 Praemia
586 2177 730 2236 convivae
746 2173 823 2234 dent
836 2194 890 2235 sua
905 2176 1034 2254 quisque
1049 2195 1114 2236 suo.
1228 2222 1235 2233 ,

390 2254 496 2340 „Sunt
506 2261 614 2340 apinae
628 2261 788 2339 tricaeque
803 2261 876 2322 etsi
892 2257 966 2338 quid
979 2258 1068 2321 vilius
1083 2260 1185 2323 istis.“

436 2344 511 2418 Quis
525 2343 647 2401 nescit?
667 2340 719 2401 vel
735 2344 803 2422 quis
822 2350 884 2404 tam
902 2345 1065 2404 manifesta
1078 2348 1194 2423 negat?

393 2424 457 2485 Sed
472 2425 545 2504 quid
561 2443 645 2502 agam
660 2427 762 2505 potius
777 2427 923 2504 madidis,
946 2427 1095 2507 Saturne,
1117 2429 1243 2509 diebus,

353 2520 389 2573 10
436 2510 519 2586 Quos
535 2510 593 2569 tibi
606 2530 664 2588 pro
680 2510 766 2571 caclo
780 2511 864 2571 iilius
878 2512 946 2590 ipse
962 2510 1073 2570 dedit?

389 2593 446 2656 Vis
460 2595 591 2653 scribam
608 2594 732 2655 Thebas
747 2595 912 2655 Troiamve
927 2593 1059 2655 malasve
1074 2596 1244 2675 Mycenas?

433 2677 581 2756 „Lude,“
601 2680 720 2757 inquis,
741 2678 930 2755 „nucibus“:
952 2677 1088 2758 perdere
1102 2677 1176 2739 nolo
1190 2700 1295 2744 nuces.

392 2899 458 2983 Quo
472 2910 518 2967 vis
535 2928 656 2987 cunque
670 2907 742 2969 locu
757 2812 944 2988 pgt’esffinc
958 2909 1049 2970 finire
1063 2907 1215 2973 libellum.

431 2991 583 3054 Versibus
598 2990 779 3072 explicitum
794 2998 843 3052 est
856 3011 946 3054 omne
962 2991 1080 3056 duobus
1097 3015 1183 3075 opus.

811 3126 848 3190 11.

387 3221 547 3283 Lemmata
560 3224 588 3281 si
602 3225 725 3301 quaeris
740 3244 795 3284 cur
810 3225 873 3284 sint
888 3226 1037 3304 ascripta,
1059 3223 1194 3286 docebo:

430 3305 491 3380 Ut,
512 3306 538 3363 si
554 3303 717 3384 malueris,
734 3304 880 3366 lemmata
895 3307 958 3367 sola
972 3306 1068 3387 legas.

645 3430 695 3492 111.
720 3431 898 3512 Pugillares
913 3435 1008 3493 citrei.

390 3524 483 3585 Secta
496 3527 558 3587 nisi
571 3529 605 3587 in
620 3533 730 3588 tenues
746 3546 883 3588 essemus
897 3527 979 3608 ligna
995 3530 1144 3611 tabellas,

429 3608 575 3671 Essemus
590 3612 700 3693 Libyci
713 3612 820 3673 nobile
835 3612 939 3673 dentis
956 3633 1041 3677 unus.

387 3690 495 3754 bisnr.
1097 3696 1140 3761 21.
