3434 4575
605 455 946 517 EPIGRAMMATON
959 456 1034 519 ΗΒ.
1049 457 1071 520 1.

402 606 517 668 Procul
531 605 677 666 horridus
691 605 845 665 Liburnus
862 613 895 666 et
910 605 1057 686 querulus
1074 606 1188 690 cliens,

445 692 578 770 Imperia
590 689 748 749 viduarum
760 689 871 769 procul
878 713 887 765 ς
1119 704 1123 706 ·

359 775 472 841 35Νοιι
487 781 611 854 rumpet
625 772 720 834 altum
733 771 868 853 pallidus
886 792 1024 833 somnum
1038 792 1128 852 rens,

446 858 509 918 Sed
522 876 611 917 mane
626 864 725 917 totum
741 855 885 918 dormies.

403 943 566 1004 Mereatur
581 940 659 1001 alius
674 940 791 1019 grande
807 948 840 1001 et
853 943 993 1000 insanum
1009 942 1140 1022 sophos:

445 1027 602 1087 Miserere
616 1033 651 1084 tu
664 1025 804 1085 felicium

402 1111 551 1188 Veroque
565 1110 750 1178 fruerexnon
765 1111 918 1189 superbus
932 1107 1058 1187 gaudio,

357 1203 395 1258 40
443 1195 521 1254 Dum
537 1194 616 1253 Sura
628 1192 771 1253 landatur
785 1200 865 1255 tuus.

401 1277 472 1338 Nou
489 1277 687 1358 impudenter
701 1279 763 1336 vita
778 1276 861 1355 qnod
876 1277 1006 1337 relicum
1021 1282 1070 1337 est
1084 1280 1182 1358 petit,

445 1361 522 1421 Cum
535 1363 616 1420 fama
630 1361 712 1439 quod
726 1361 800 1420 satis
821 1368 870 1421 est
883 1362 986 1421 habet.

820 1495 856 1556 L.

402 1607 437 1667 Si
451 1607 509 1666 tibi
523 1603 682 1684 Mistyllos
698 1625 806 1683 cocus,
829 1604 1019 1684 Aemiliane,
1040 1615 1181 1688 vocatur,

446 1690 574 1751 Dicatur
589 1708 683 1767 quare
699 1709 761 1748 non
781 1688 937 1750 Taratalla
952 1691 1049 1750 mihi?

819 1821 868 1882 Ll.
937 1876 940 1882 .

402 1936 472 1995 Non
485 1936 561 1997 facit
578 1934 616 1993 ad
631 1952 738 1993 saevos
753 1935 874 2012 cervix,
888 1935 948 1993 nisi
961 1936 1076 2015 prima,
1089 1934 1208 1999 lcones.

446 2019 527 2094 Quid
540 2020 622 2096 fugis
636 2019 693 2078 hos
709 2017 836 2095 dentes,
855 2019 1016 2079 ambitiose
1031 2017 1144 2100 lepus?

403 2102 531 2163 Scilicet
547 2124 565 2161 a
579 2103 695 2180 magnis
711 2102 749 2162 ad
763 2109 795 2162 te
811 2101 1004 2162 descendere
1021 2106 1117 2164 tauris

443 2188 485 2246 Et
500 2205 577 2265 quae
592 2206 655 2246 non
668 2192 801 2247 cernunt
813 2186 960 2265 frangere
975 2185 1053 2248 colla
1067 2187 1154 2252 velis.
1182 2207 1185 2211 ·

382 2270 606 2352 5Desperanda
622 2271 679 2331 tihi
694 2278 743 2330 est
756 2272 892 2350 ingentis
907 2270 1008 2351 gloria
1022 2272 1094 2334 fati:
1228 2333 1237 2348 ,

446 2357 514 2416 Non
528 2361 618 2435 potes
635 2355 695 2414 hoc
710 2357 812 2415 tenuis
827 2356 943 2435 praeda
958 2358 1014 2416 sub
1030 2359 1121 2418 hoste
1136 2359 1226 2424 mori.

813 2488 874 2548 Lll.

403 2598 593 2660 Commendo
607 2601 682 2677 tibi,
705 2602 886 2679 Quintiaue,
908 2610 1032 2663 nostros
1051 2640 1093 2652 -

402 2682 533 2743 Nostros
551 2682 657 2743 dicere
675 2685 702 2743 si
718 2692 821 2745 tamen
834 2684 963 2745 libellos

402 2768 547 2844 Possum,
569 2787 644 2845 qnos
658 2770 771 2828 recitat
786 2774 855 2828 tuus
869 2777 963 2849 poeta
976 2792 1032 2830 --ε

404 2850 436 2910 Si
454 2851 637 2911 deservitio
655 2853 739 2929 gravi
756 2859 943 2931 queruntur,
1051 2919 1055 2927 ι

381 2937 554 2996 allssertor
568 2935 672 2995 venias
686 2938 823 3015 satisque
836 2944 993 3016 praestes,

402 3020 459 3096 Et,
482 3038 550 3080 cum
564 3037 599 3079 se
615 3018 770 3079 dominnm
786 3022 908 3080 vocabit
921 3020 991 3099 llle,

403 3103 494 3162 Dicas
508 3121 577 3162 esse
592 3122 677 3163 meos
692 3122 843 3183 manuque
858 3105 977 3167 missos.

402 3187 470 3246 Hoc
486 3187 516 3249 si
531 3192 641 3264 terque
659 3189 830 3267 quaterque
845 3188 1029 3268 clamitaris‚

402 3270 546 3350 lmpones
558 3269 709 3350 plagiario
723 3271 885 3352 pudorem.

800 3421 875 3483 Llll.

402 3532 472 3592 Una
487 3539 535 3592 est
550 3533 583 3591 in
596 3535 712 3593 nostris
727 3540 795 3612 tna,
817 3534 1001 3611 Fidentine,
1023 3532 1142 3593 libellis

400 3614 533 3693 Pagina,
553 3615 610 3676 scd
625 3623 711 3677 certa
725 3617 840 3678 domini
854 3619 974 3697 signata
987 3618 1102 3697 figura,

403 3699 488 3775 Quae
503 3705 555 3759 tua
568 3698 704 3761 traducit
718 3702 881 3762 manifesto
897 3703 1030 3763 carmina
1045 3700 1139 3761 furto.

1320 455 1363 520 23
