3434 4575
563 482 903 544 EPIGRAMMATON
917 482 991 544 Llli.
1009 485 1060 548 IX.
1272 490 1335 555 213

375 731 620 813 Spendophorus
635 633 898 812 Libycasldllrlnini
911 737 993 813 petit
1006 738 1139 819 armiger
1156 743 1266 806 urbes:

419 818 503 894 Quae
519 835 617 896 puero
633 815 731 877 doncs
746 815 828 895 tela,
851 818 987 898 Cupido,
1008 841 1101 900 para;

374 899 431 962 llla
447 903 556 979 quibus
571 902 698 961 iuvenes
713 902 782 979 figis
797 900 969 981 mollesque
987 903 1121 983 puellas:

418 985 465 1045 Sit
479 992 582 1046 tamen
596 985 629 1044 in
645 992 755 1045 tenera
769 986 847 1047 levis
863 993 896 1045 et
910 987 998 1047 hasta
1012 1008 1112 1051 manu.

349 1069 514 1132 5Loricarn
527 1068 735 1148 clypeumque
749 1071 808 1130 tibi
825 1068 1004 1149 galeamque
1018 1074 1163 1150 remitto;

417 1153 516 1213 'l'utus
530 1160 564 1212 ut
578 1151 701 1212 invadat
714 1152 849 1233 praelia,
870 1152 970 1215 nudus
986 1163 1045 1217 eat.

374 1238 443 1298 Nou
457 1237 573 1315 iaculo,
594 1256 656 1295 non
672 1255 748 1297 ense
763 1238 823 1297 fuit
835 1237 975 1299 laesusve
992 1241 1117 1320 sagitta,

417 1319 544 1382 Casside
563 1319 633 1380 dum
647 1319 728 1380 liber
742 1321 997 1402 Parthenopaeus
1013 1330 1090 1384 crat.

376 1406 521 1482 Quisquis
539 1406 575 1464 ab
591 1405 651 1464 hoc
665 1405 762 1464 fuerit
775 1406 870 1483 finus,
892 1408 1043 1466 morietur
1056 1427 1170 1471 amore.

334 1500 369 1552 10
418 1488 551 1566 Ofelix,
574 1489 600 1547 ai
616 1507 707 1567 quem
721 1498 782 1549 tam
798 1491 878 1549 bona
892 1490 955 1550 fata
970 1492 1111 1553 manent!

373 1574 451 1633 Dum
465 1591 545 1651 puer
560 1591 610 1651 es,
627 1570 756 1652 redeas,
779 1571 850 1632 dum
863 1572 951 1634 voltu
964 1573 1118 1654 lubricus,
1141 1582 1172 1636 ct
1188 1582 1220 1636 te

415 1658 484 1717 Nou
497 1656 597 1735 Libye
611 1657 720 1734 faciat,
741 1656 797 1717 sed
812 1665 864 1717 tua
878 1657 974 1718 Roma
989 1661 1095 1722 virum.

764 1791 856 1852 LVll.

373 1886 426 1948 Nil
441 1894 490 1949 est
503 1889 608 1949 tritius
624 1885 743 1967 Hedyli
756 1885 907 1948 lacernis:

372 1972 441 2033 Nou
455 1991 547 2033 ansae
561 1978 702 2032 veterum
718 1972 967 2050 Corinthiorum,

372 2057 438 2117 Nec
458 2077 529 2118 crus
545 2055 694 2135 compede
708 2055 863 2115 lubricum
878 2055 1027 2136 decenni,

372 2140 438 2201 Nec
456 2147 567 2222 ruptae
582 2141 715 2200 recutita
730 2138 811 2200 colla
825 2139 943 2218 mulae,

349 2224 438 2285 5Nec
457 2244 534 2305 quae
548 2225 731 2286 Flaminiam
747 2230 854 2284 secant
869 2223 1026 2305 salebrae,

372 2310 438 2368 Nec
456 2310 509 2387 qui
522 2309 666 2370 litoribus
679 2311 781 2370 nitent
794 2307 912 2389 lapilli,

373 2393 438 2450 Nec
457 2393 558 2452 'l'usca
571 2391 636 2471 ligo
651 2395 740 2454 uinea
754 2392 887 2474 politus,

372 2475 439 2533 Nec
455 2473 575 2554 pallens
588 2481 660 2555 toga
673 2480 786 2537 mortui
801 2476 941 2555 tribulis,

373 2557 438 2618 Ncc
455 2560 536 2639 pigri
551 2565 620 2619 rota
635 2580 743 2639 quassa
755 2560 916 2639 mulionis,

330 2642 437 2703 10Nec
455 2662 555 2703 rasam
572 2663 663 2704 casea
677 2643 757 2705 latus
772 2647 920 2723 bisontis,

371 2726 436 2787 Nec
455 2726 605 2789 densium
621 2730 726 2790 senior
741 2730 857 2789 ferocis
874 2729 949 2808 apri.

373 2811 436 2871 Res
451 2832 510 2872 una
526 2819 707 2891 esttamen,
723 2846 764 2855 -
778 2814 847 2893 ipse
860 2831 923 2871 non
937 2812 1079 2893 negabit,
1093 2845 1135 2855 -

373 2894 466 2956 Culus
483 2899 588 2957 tritior
602 2896 720 2976 Hedyli
733 2895 876 2957 lacernis.

756 3031 861 3092 LVlll.

370 3144 510 3227 Nympha
529 3146 608 3204 sacri
622 3146 731 3224 regina
744 3142 848 3224 lacus,
871 3146 919 3207 cui
936 3153 1022 3226 grata
1036 3145 1168 3205 Sabinus

398 3229 454 3296 Et
469 3247 611 3288 mansura
624 3230 676 3308 pio
690 3247 818 3289 munere
833 3229 949 3310 templa
965 3229 1067 3306 dedit,

372 3311 423 3371 Sic
438 3317 582 3371 montana
597 3318 665 3371 tuos
681 3331 805 3392 semper
820 3312 903 3372 colat
916 3313 1043 3372 Umbria
1057 3311 1177 3389 fontes,

413 3395 479 3453 Nec
492 3400 545 3452 tua
560 3394 690 3453 Baianas
705 3394 828 3455 Sassina
842 3394 929 3454 malit
943 3414 1053 3473 aquas:

350 3477 494 3556 aExcipe
509 3474 662 3536 sollicitos
677 3475 815 3557 placide,
838 3496 907 3537 mea
923 3477 1018 3556 dona,
1040 3473 1184 3552 libellos3

416 3560 465 3619 Tu
480 3560 579 3619 fueris
593 3559 691 3619 Musis
707 3560 833 3639 Pegasis
848 3559 931 3621 unda
943 3563 1030 3625 meis.
1046 3595 1089 3606 -

373 3642 602 3724 „Nympharum
618 3642 743 3724 templis
758 3646 896 3723 quisquis
912 3666 966 3706 sua
980 3648 1114 3707 carmina
1129 3642 1238 3726 donat,

415 3727 494 3804 Quid
510 3729 580 3788 fleri
592 3725 687 3789 libris·
703 3728 831 3809 debeat,
852 3731 921 3812 ipse
938 3730 1063 3792 docet.“
