3434 4575
765 493 892 544 MIRA
909 493 962 543 111.

365 637 501 700 llercufis
522 636 662 698 Antaeum
686 635 790 716 procul
808 653 825 696 a
846 634 954 696 tellure
976 635 1113 712 tenentis,

365 723 484 785 Miratur
506 739 611 782 vocem
634 731 803 800 angustam,
828 739 885 800 qna
908 720 1037 781 deterius
1056 738 1112 781 nec
1325 733 1360 788 oo

365 808 418 868 llle
443 817 544 882 sonat,
566 824 624 886 quo
646 805 796 866 mordetur
817 805 926 883 gallina
949 801 1075 865 marito?

366 892 444 952 llaec
469 892 572 953 eadem
595 890 665 952 licet
687 900 716 950 et
735 889 820 950 nobis
844 888 978 950 laudare:
1003 889 1132 949 sediliis

365 975 510 1037 Creditur.
557 976 741 1048 sanctior,
767 992 852 1053 quum
874 972 984 1034 Thaida
1008 975 1130 1033 sustinet
1152 985 1201 1034 aut
1222 994 1305 1054 qurum

366 1061 494 1122 Uxorem
518 1059 678 1122 comoedus
700 1060 760 1137 agit
783 1059 830 1119 vel
849 1058 957 1118 Dorida
978 1058 1056 1118 nullo

366 1144 479 1206 cattam
500 1142 644 1223 palliolo?
666 1144 770 1204 mulier
791 1160 897 1221 nempe
917 1144 979 1221 ipsa
1002 1144 1127 1215 videtur,
1325 1158 1359 1211 95

364 1229 429 1291 Non
456 1247 582 1309 persona
605 1229 701 1308 loqui:
722 1246 815 1288 vacua
838 1236 868 1287 et
889 1227 974 1305 plana
999 1229 1093 1288 omnia
1116 1229 1196 1287 dicas

366 1313 442 1374 lnlra
463 1314 654 1374 ventriculum
674 1323 703 1372 et
727 1313 806 1372 tenui
829 1313 960 1373 distantia
983 1314 1061 1372 rima.

365 1397 428 1459 Nec
451 1408 546 1459 tamen
569 1398 728 1459 Antiochus
750 1416 805 1458 nec
829 1400 885 1457 erit
904 1397 1045 1457 mirabilis
1065 1396 1125 1457 illic

365 1485 423 1543 dut
448 1483 613 1543 Stratocles
636 1491 685 1543 ant
708 1500 771 1543 cnm
793 1481 874 1543 molli
895 1480 1061 1542 Demetrius
1083 1480 1209 1542 Haemo:

365 1567 449 1628 Natio
472 1567 613 1628 comoeda
637 1577 691 1627 est.
738 1566 844 1627 Rides:
869 1568 978 1625 maiore
1001 1565 1142 1627 cachinno
1309 1583 1358 1633 10⁰

364 1650 552 1725 Concrrtitur3
574 1652 639 1727 det,
663 1653 687 1711 si
710 1651 846 1712 lacrimas
869 1652 1023 1729 conspexit
1046 1651 1139 1725 amici,

363 1736 427 1797 Nec
450 1737 548 1807 dolct;
570 1735 727 1814 igniculum
749 1736 869 1797 brumae
893 1737 917 1795 si
940 1744 1074 1813 tempore
1096 1752 1214 1812 poscas,

363 1821 483 1900 Accipit
505 1821 720 1891 endromidem;
741 1822 765 1880 si
788 1820 899 1880 dixeris
921 1830 1040 1894 aestuo,
1064 1818 1155 1881 sudat.

363 1904 426 1965 Non
451 1924 548 1966 sumus
570 1923 644 1983 ergo
663 1923 768 1985 pares:
788 1905 909 1979 melior,
933 1906 981 1983 qui
1005 1922 1123 1981 semper
1146 1916 1174 1965 et
1198 1909 1273 1968 omni

362 1989 459 2050 Nocte
475 1983 589 2070 'dieque
610 1999 709 2068 potest
729 1990 823 2051 aliena
845 2007 960 2049 sumere
982 1988 1088 2048 vultum
1311 2003 1358 2055 105

363 2075 386 2135 d
410 2075 499 2151 lacie,
520 2077 630 2135 iactare
652 2093 768 2150 manus,
793 2074 912 2134 laudare
937 2084 1065 2152 paratus,

361 2161 393 2220 Si
412 2159 491 2220 bene
512 2160 653 2235 ructavit,
674 2159 700 2219 si
720 2169 831 2220 rectum
854 2160 955 2218 minxit
978 2159 1097 2234 amicus,

361 2245 392 2304 Si
414 2243 502 2305 trulla
527 2245 645 2305 inverso
668 2245 809 2323 crepitum
829 2242 908 2305 dedit
930 2261 1017 2305 aurea
1040 2243 1138 2304 lundo.

360 2328 519 2389 Praeterea
543 2339 671 2389 sanctum
695 2328 765 2389 nihil
788 2338 907 2389 estnec
929 2328 965 2388 ab
987 2330 1104 2406 inguine
1126 2339 1230 2389 tutum:

360 2412 425 2472 Non
446 2422 575 2474 matrona
596 2414 681 2489 laris,
704 2430 761 2472 non
785 2413 842 2473 lilia
865 2415 968 2491 virgo,
993 2432 1089 2492 neque
1113 2415 1177 2492 ipsc
1308 2425 1358 2478 110

360 2501 495 2575 Sponsus
517 2498 593 2559 levis
614 2498 724 2572 adhuc,
747 2516 804 2558 non
828 2499 904 2558 lilius
924 2507 989 2558 ante
1013 2499 1150 2577 pudicns3

361 2582 469 2642 llorum
493 2584 518 2642 si
541 2582 609 2642 nihil
631 2592 694 2658 est,
719 2584 811 2643 aviam
834 2584 984 2661 resupinat
1005 2584 1099 2642 amici.

361 2668 446 2727 Scire
468 2667 570 2727 volunt
590 2677 706 2729 secreta
730 2667 832 2727 domus
853 2677 939 2747 atque
960 2666 1026 2726 inde
1049 2667 1152 2727 timeri.

362 2750 397 2811 Et
420 2752 556 2830 qnoniam
579 2752 678 2831 coepit
701 2750 879 2812 Graecorum
900 2753 1026 2826 mentio,
1051 2752 1138 2811 transi

362 2836 516 2911 Gymnasia
539 2845 627 2915 atque
649 2836 715 2896 audi
739 2836 850 2897 lacinus
869 2838 986 2896 maioris
1009 2835 1142 2896 abollae:
1307 2847 1356 2899 115

362 2923 479 2980 Stoicus
501 2920 610 2980 occidit
630 2920 751 2980 Baream
771 2922 903 2995 delator,
925 2922 1046 2981 amicum

361 3004 601 3084 Discipulumqne
625 3024 716 3066 senex
740 3007 801 3084 ripa
821 3008 943 3066 nutritus
964 3006 991 3063 in
1016 3005 1075 3078 illa,

363 3089 406 3149 ild
432 3108 516 3167 quiam
537 3088 686 3167 Gorgonei
709 3090 830 3168 delapsa
855 3100 900 3149 est
921 3091 1006 3169 pinna
1028 3088 1148 3150 caballi!

361 3172 425 3232 lion
448 3184 494 3233 est
516 3172 647 3234 Romano
671 3176 801 3252 cuiquam
825 3174 909 3235 locus
931 3175 994 3244 hic,
1016 3174 1064 3233 ubi
1087 3184 1189 3252 regnat

362 3257 545 3335 Protogenes
567 3258 671 3337 aliquis
691 3259 738 3318 vel
762 3258 896 3337 iliplrilus
914 3268 962 3319 aut
983 3258 1188 3333 Hermarchus,
1308 3267 1356 3320 tto

363 3340 417 3414 Qui
439 3344 535 3419 gentis
558 3344 629 3402 vitio
651 3362 802 3421 numquam
823 3345 944 3421 partitur
967 3344 1099 3417 amicum,

363 3425 449 3487 Solus
472 3426 574 3491 habet:
599 3446 661 3488 nam
685 3447 770 3505 quarm
793 3428 908 3487 facilem
932 3429 1050 3488 stillavit
1072 3430 1098 3487 in
1122 3447 1219 3489 aurem

365 3508 504 3587 Exiguum
527 3511 564 3571 dc
588 3521 707 3572 naturae
728 3514 899 3591 patriaeque
921 3530 1046 3587 veneno,

365 3592 468 3654 Limine
492 3613 695 3667 summoveor,
720 3598 869 3675 perierunt
889 3606 1020 3675 tempora
1045 3597 1124 3673 longi

366 3678 496 3747 servitii:
520 3698 660 3759 nusquam
682 3682 775 3741 minor
796 3689 842 3742 est
861 3682 970 3742 iactura
992 3680 1116 3740 clientis.
1307 3688 1353 3741 rau

404 3761 488 3837 Quod
512 3781 601 3843 porro
626 3764 768 3841 officium,
790 3784 826 3825 ne
847 3764 931 3824 nobis
954 3764 1101 3835 blandiar,
1126 3776 1172 3824 aut
1193 3766 1268 3842 quod
