3434 4575
540 349 879 414 EPIGRAMMATON
892 349 967 410 LlB.
983 349 1063 411 xlv.
1259 347 1322 411 33³

591 554 697 617 cxlv.
721 553 848 615 Patella
868 551 1018 614 Cumana.

363 657 452 716 lianc
466 653 524 713 tibi
538 653 694 712 Cumanae
707 650 909 712 rubicundam
923 648 1054 730 pulvere
1067 655 1169 711 testae

405 737 596 817 Municipem
610 737 695 796 misit
709 741 792 796 casta
806 732 927 814 Sibylla
941 753 1035 794 suam.

632 871 725 935 CXV.
751 870 984 932 Oals’ceaoitrei.

363 971 485 1051 Aspicis
502 970 658 1048 ingenium
672 967 752 1028 Nili:
776 971 887 1048 quibus
901 966 1019 1028 addere
1032 965 1123 1047 pluro

404 1056 483 1114 lium
499 1054 600 1133 capit,
619 1054 658 1114 ab
673 1055 818 1131 quotiens
831 1050 972 1132 perdidit
985 1057 1092 1115 auctor
1106 1050 1197 1132 opas!

603 1186 709 1248 cxvi
733 1185 1008 1268 Lagonanioaria.

365 1285 527 1369 Spoletina
541 1287 622 1347 bibis
636 1283 686 1346 cel
701 1285 815 1346 Marsis
830 1283 954 1345 condita
967 1282 1067 1345 cellis.

407 1373 474 1448 Quo
488 1371 546 1430 tibi
562 1368 710 1430 decoctae
726 1367 830 1429 nobile
844 1368 944 1448 frigus
960 1368 1080 1448 aquaei

688 1503 808 1565 cxvll.
830 1502 927 1563 Idem.

365 1604 433 1664 Non
447 1609 557 1683 potare
570 1603 686 1672 nivem,
709 1599 766 1661 sed
780 1620 889 1680 aquam
902 1607 1012 1680 potare
1025 1607 1185 1665 recentem

405 1688 452 1746 lie
467 1688 536 1746 nive
553 1692 723 1747 commenta
738 1690 787 1745 est
800 1685 962 1763 ingeniosa
974 1686 1051 1746 sitis.

678 1818 812 1880 cxvln.
834 1818 932 1878 Idem.

366 1920 525 1984 Massiliae
539 1919 640 1981 fumos
654 1919 787 1978 miscere
804 1914 957 1976 nivalibus
970 1916 1061 1978 undis

407 2006 524 2083 Parce,
545 2021 641 2083 puer,
662 2006 785 2062 constet
799 2018 839 2061 ne
853 2001 914 2060 tibi
926 1999 1025 2080 pluris
1041 2021 1128 2080 aque

613 2135 718 2198 cxlx.
743 2134 876 2196 Matella
879 2136 1002 2214 fictilia.

365 2239 444 2299 lium
458 2257 569 2318 poscor
585 2237 706 2318 crepitu
720 2234 887 2315 digitorum
902 2242 936 2297 et
949 2255 1045 2299 verna
1056 2240 1211 2315 moratur,

411 2322 436 2381 0
455 2323 596 2401 quotiens
610 2319 714 2402 pellex
730 2318 842 2380 culcita
858 2321 940 2382 iacta
955 2340 1023 2383 mea
1039 2322 1103 2383 est!

599 2454 690 2517 CXX.
711 2452 830 2535 Ligula
846 2461 1009 2533 argenteo.

368 2556 509 2632 Quamvis
523 2573 574 2615 me
587 2552 713 2631 ligulam
729 2552 834 2612 dicent
847 2553 1033 2629 equitesque
1049 2558 1234 2634 patresque,

408 2640 502 2700 Dicor
518 2641 555 2699 ab
570 2637 704 2700 indoctis
719 2633 836 2714 lingula
853 2636 1068 2713 grammaticis.

646 2771 752 2833 CXXI.
777 2769 953 2831 Gocbteare.

368 2872 443 2935 Sum
456 2870 593 2933 cochleis
609 2870 738 2947 babilis,
761 2867 817 2928 red
834 2886 893 2928 nec
908 2869 1007 2930 minus
1022 2869 1108 2932 utilis
1123 2871 1197 2934 orie.
1297 2920 1299 2924 ,

407 2954 566 3034 Numquid
580 2956 659 3032 scis,
681 2953 783 3034 potius
799 2972 854 3012 cur
869 2952 1033 3016 cochleare
1048 2955 1163 3017 vocor‘l

685 3087 803 3149 CXXH.
827 3089 937 3150 Anuli.

369 3192 452 3250 Ante
466 3192 632 3271 frequens,
655 3189 712 3251 scd
727 3210 809 3251 nunc
821 3210 910 3252 rarus
925 3208 981 3250 nos
997 3187 1091 3247 donat
1105 3186 1229 3247 amleus.

413 3272 520 3352 Felix,
540 3276 589 3334 cui
605 3293 707 3335 comes
723 3282 771 3335 est
787 3293 849 3335 non
867 3270 985 3333 alienus
1000 3288 1106 3350 eques.

611 3407 744 3469 cxxm.
765 3406 1012 3487 Dactyliotbeca.

372 3503 473 3583 Saepe
488 3506 588 3583 gravis
603 3504 707 3584 digitis
724 3505 857 3567 elabitur
871 3502 979 3565 anulus
993 3502 1111 3582 unctis,

416 3587 497 3647 Tuta
511 3606 578 3649 mea
592 3589 648 3651 bet
665 3589 721 3650 sed
735 3596 786 3651 tua
800 3606 919 3667 gemma
932 3586 1005 3650 tide.
