3434 4575
412 442 477 507 aaa
740 439 1137 529 aavanoranrmrm

540 596 583 656 nt
596 597 790 674 praetextata
804 592 903 653 cnltns
919 594 1067 671 amicitia,

475 679 550 740 tTn
564 678 658 752 facis,
679 678 712 736 in
726 679 821 737 terris
839 695 900 755 quo
914 695 977 736 non
992 684 1040 737 est
1054 674 1137 738 alter
1150 679 1293 742 Hiberis

541 760 670 822 Dulcior
688 768 721 821 et
734 780 808 821 rero
823 759 933 839 dignus
953 780 1057 821 amore
1071 763 1177 841 magis.

500 846 619 906 Tecum
634 864 691 924 ego
705 844 755 905 rel
770 845 844 904 sicci
861 843 993 906 Gaetula
1006 843 1137 925 mapalia
1150 846 1255 909 Poeni

540 931 583 990 Et
596 935 738 1008 poteram
752 928 913 1008 Scythicas
927 928 1026 989 hostis
1041 948 1143 990 amare
1160 951 1259 994 casas

499 1014 533 1075 Si
545 1015 604 1075 tibi
620 1032 706 1073 mens
721 1012 846 1090 eadem,
863 1013 888 1072 si
903 1014 1003 1073 nostri
1017 1019 1120 1074 mutua
1136 1034 1210 1075 cura
1226 1021 1299 1098 est,

456 1108 492 1160 10
540 1099 573 1158 ln
590 1115 772 1176 quocunque
786 1094 856 1156 loco
871 1096 967 1155 Roma
982 1096 1099 1158 dnobus
1115 1099 1186 1159 erit.

902 1230 982 1291 XXI.

500 1335 646 1404 Scribere
661 1335 694 1403 te
713 1361 790 1421 qnae
805 1336 854 1402 vi'r
868 1341 1022 1421 intelligat
1035 1343 1104 1423 ipse
1117 1343 1288 1408 Modestus

540 1429 582 1488 Et
597 1429 646 1488 rix
662 1425 828 1502 Claranus,
851 1426 925 1504 qnid
939 1445 1031 1504 rogo,
1053 1426 1164 1505 Sexte,
1187 1430 1298 1490 iuvat?

499 1512 568 1573 Non
582 1510 702 1570 lectore
718 1511 779 1569 tuis
794 1528 871 1587 opns
886 1514 949 1585 est,
972 1509 1028 1570 sed
1042 1509 1208 1590 Apolline,
1229 1511 1351 1576 librisr

540 1593 645 1655 indice
658 1599 691 1653 te
706 1595 803 1653 maior
818 1593 917 1653 Cinna
932 1594 1062 1654 Marone
1077 1593 1145 1656 fnit.

475 1679 552 1743 asic
565 1685 619 1738 tna
631 1674 798 1737 landentnr
813 1695 902 1736 sane:
925 1695 992 1737 mea
1007 1679 1156 1756 carmina,
1181 1679 1298 1759 Sexte,
1398 1672 1404 1685 ⁶

542 1763 755 1824 Grammaticis
769 1760 928 1841 placeant,
949 1766 984 1820 nt
998 1762 1065 1820 sine
1081 1761 1313 1828 Grammaticis.

905 1893 998 1954 XXII.

501 2013 564 2072 Gur
579 2009 732 2091 spleniato
748 2026 841 2088 saepe
855 2006 1004 2087 prodeam
1018 2012 1122 2066 mento

499 2093 617 2157 Albave
631 2095 732 2174 pictus
746 2111 818 2151 sana
833 2090 920 2151 labra
935 2108 1073 2167 cerussa,
1106 2136 1109 2143 .

497 2178 657 2254 Philaeni,
681 2175 827 2255 quaeris?
848 2176 970 2233 basiare
983 2179 1017 2234 te
1034 2171 1116 2234 nolo.

883 2320 990 2382 xxfll.

499 2439 560 2498 lam
576 2441 717 2495 numerat
730 2430 853 2514 placido
869 2433 946 2494 felix
960 2438 1112 2495 Antonius
1125 2454 1200 2497 aero

543 2518 752 2597 Quindeciens
768 2524 850 2577 actas
867 2519 989 2579 Primus
1004 2518 1202 2599 Olympiadas

498 2604 753 2682 Praeteritosque
770 2602 836 2662 dies
848 2609 882 2663 et
896 2609 980 2663 totos
995 2605 1125 2682 respicit
1140 2623 1255 2684 annos,

540 2690 605 2749 Nec
619 2689 729 2748 metuit
745 2688 862 2748 Lethes
875 2688 934 2747 iam
950 2689 1106 2766 propioris
1121 2707 1224 2767 aquas.

477 2771 592 2835 5anla
606 2770 784 2833 recordanti
798 2771 850 2831 lux
866 2777 914 2831 est
928 2773 1047 2849 ingrata
1064 2772 1243 2850 gravisque:

540 2856 633 2917 Nulla
649 2858 726 2934 fuit,
749 2856 834 2915 cuins
848 2875 911 2915 non
925 2855 1100 2915 meminisse
1113 2852 1200 2917 velit.

499 2939 635 3019 Ampliat
649 2940 759 2998 aetatis
774 2940 903 3017 spatium
920 2940 978 2998 sibi
992 2940 1039 2999 vir
1053 2940 1166 2998 bonus:
1183 2940 1245 3001 hoc
1259 2948 1315 3004 est

541 3024 657 3085 Vivere
672 3022 736 3100 bis,
757 3023 819 3081 vita
833 3041 926 3100 posse
940 3024 1047 3103 priore
1060 3023 1133 3084 frui.

884 3155 995 3219 XXIV.

499 3266 625 3329 Natales
641 3268 717 3328 mihi
728 3267 862 3328 Martiae
876 3266 1051 3346 Kalendae,

497 3352 565 3412 Lux
579 3352 745 3414 formosior
760 3352 900 3413 omnibns
914 3349 1072 3427 Kalendis,

499 3438 566 3512 Qua
582 3438 708 3499 mittunt
722 3437 796 3495 mihi
811 3455 919 3496 mnnns
935 3441 967 3494 et
980 3436 1121 3515 puellae,

493 3520 757 3601 ‘Quinquagesima
769 3519 834 3580 liba
849 3520 1071 3598 septimamque

498 3603 623 3667 Vestris
638 3603 777 3665 addimns
792 3603 872 3662 hanc
887 3603 966 3662 focis
981 3622 1127 3663 acerram.

497 3687 556 3748 llis
572 3708 641 3768 ros,
663 3690 690 3749 si
704 3694 807 3749 tamen
823 3686 965 3767 expedit,
985 3693 1107 3766 roganti
