3434 4575
601 463 1095 531 EPIGRAMMATONLIB.1V.
1324 468 1366 534 85

409 621 472 682 Sed
486 623 545 681 iam
561 621 694 680 causaris
711 621 898 698 barbamque
914 640 1070 699 annosque
1085 621 1237 702 pilosque.

452 705 477 764 0
493 725 554 764 nox
569 724 659 784 qnam
674 702 767 783 longa
783 723 833 782 es,
856 723 935 782 qnae
949 705 1027 764 facis
1041 725 1102 765 nna
1116 709 1238 767 senem!

383 788 490 867 5Quid
504 809 560 848 nos
576 788 725 848 derides?
743 789 820 849 here
840 789 893 867 qui
906 807 1000 867 puer,
1022 789 1135 870 Hylle,
1156 792 1259 870 fuisti,

449 875 506 934 Dic
521 874 626 952 nobis,
647 872 743 931 hodie
759 892 817 950 qua
833 873 955 932 ratione
972 873 1019 932 vir
1035 875 1090 934 cs?

804 1006 883 1070 Vlll.

406 1122 510 1181 Prima
524 1120 692 1180 salutantes
711 1125 803 1197 atque
820 1117 920 1178 altera
934 1121 1068 1180 conterit
1081 1122 1174 1200 hora,

447 1207 583 1266 Exercet
595 1223 704 1263 raucos
719 1203 813 1262 tertia
827 1203 1014 1263 causidicos:

405 1290 440 1351 ln
455 1291 592 1368 quintam
606 1289 707 1347 varios
722 1284 863 1346 extendit
878 1287 973 1346 Roma
986 1286 1130 1367 labores,

448 1373 542 1433 Sexta
556 1373 644 1452 quies
659 1370 764 1449 lassis,
786 1371 917 1450 septima
932 1371 1001 1431 finis
1017 1373 1094 1431 erit:

382 1456 532 1520 osufficit
546 1458 578 1516 in
595 1475 705 1515 nonam
719 1454 827 1514 nitidis
843 1460 949 1514 octava
962 1452 1144 1535 palaestris,
1229 1514 1232 1518 Α

446 1543 580 1621 imperat
596 1546 753 1600 extructos
768 1538 914 1617 frangere
929 1557 1009 1599 nona
1023 1544 1124 1600 toros:

404 1627 490 1686 Hora
503 1623 683 1686 libellorum
702 1622 901 1700 deciment,
922 1623 1102 1703 Eupheme,
1124 1645 1277 1708 meorum,

446 1710 615 1790 Temperat
629 1709 796 1768 ambrosias
812 1725 880 1768 cum
895 1711 947 1764 tua
962 1727 1035 1767 cura
1050 1706 1177 1789 dapes‚'

401 1795 445 1855 Et
459 1795 557 1854 bonus
573 1793 714 1853 aetherio
728 1790 850 1850 laxatur
865 1796 993 1850 nectare
1009 1792 1123 1854 Caesar

359 1889 395 1942 10
443 1878 626 1956 ingentique
642 1882 731 1936 tenet
745 1872 856 1956 pocula
870 1893 965 1953 parca
977 1894 1076 1936 monn.

403 1961 492 2021 Tunc
508 1960 636 2022 admitte
649 1962 753 2020 iocor:
775 1975 885 2037 gressu
902 1959 993 2018 timet
1006 1960 1054 2019 irc
1067 1957 1177 2021 licenti

444 2045 494 2104 Ad
507 2047 809 2107 matutinumnostra
824 2039 936 2106 Thalia
950 2043 1058 2106 lovem.
1133 2075 1140 2094 ι

813 2193 863 2254 ΙΧ.

402 2308 495 2368 Sotae
513 2306 575 2368 filia
593 2306 714 2384 clinici,
732 2306 879 2385 Fabulla,

401 2393 533 2452 Deserto
549 2388 831 2471 sequeris'Olytum
846 2393 956 2451 marito

399 2470 442 2537 Et
457 2476 552 2536 donas
567 2483 600 2535 et
615 2495 709 2535 amas:
733 2476 813 2554 ἔχεις
825 2467 968 2546 ἀσώτως.

817 2604 854 2664 X.

400 2721 479 2780 Dum
492 2739 588 2779 novus
603 2731 652 2780 est
665 2739 735 2779 rasa
748 2739 807 2779 nec
823 2718 923 2779 adhue
939 2720 1014 2779 mihi
1028 2720 1133 2779 fronte
1147 2716 1291 2801 libellus,

442 2804 557 2882 Pagina
576 2803 646 2864 dum
661 2805 746 2882 tangi
760 2822 823 2863 non
837 2805 919 2863 bene
935 2804 1018 2864 sicca
1033 2804 1139 2883 timet,

399 2887 413 2948 l
427 2906 505 2968 puer
522 2892 555 2947 et
570 2907 640 2949 caro
654 2889 764 2969 perfer
776 2885 847 2948 lcve
862 2906 970 2947 munus
986 2888 1099 2966 amico,

444 2973 503 3049 Qui
518 2973 632 3032 meruit
642 2992 739 3051 nugas
753 2974 871 3053 primus
886 2973 1003 3031 habere
1018 2977 1118 3034 meas:

376 3055 520 3135 ocurrer,
541 3055 598 3116 sed
612 3058 799 3117 instructus:
818 3058 984 3116 comitetur
997 3056 1113 3116 Punica
1126 3053 1241 3117 librum

442 3140 592 3221 Spongia:
614 3141 792 3201 muneribus
811 3142 956 3201 convenit
968 3137 1026 3200 illa
1041 3142 1128 3205 meis.

397 3222 467 3283 Non
481 3230 611 3303 possunt
626 3230 749 3285 nostros
765 3223 898 3304 multae,
919 3224 1084 3303 Faustino,
1105 3220 1219 3284 liturae

440 3308 615 3368 Emendare
633 3310 734 3369 iocos:
758 3329 816 3367 nna
830 3306 927 3369 litura
938 3315 1052 3389 potest.

807 3440 859 3502 XI.

398 3547 476 3607 Dum
490 3551 616 3610 nimium
630 3512 714 3611 vano
723 3554 907 3613 tumefactus
921 3556 1045 3613 nomine
1061 3552 1176 3633 gaudes

439 3633 481 3693 Et
498 3633 696 3695 Saturninum
712 3641 744 3696 te
759 3637 857 3717 pudet
872 3656 959 3717 esse,
981 3640 1093 3716 miser,

396 3716 493 3797 lmpia
506 3718 671 3779 Parrhasia
686 3721 808 3781 movisti
821 3720 907 3782 bella
920 3725 977 3783 sub
992 3742 1079 3799 ursa,
