<?xml version="1.0" encoding="UTF-8"?>
<!DOCTYPE html PUBLIC "-//W3C//DTD XHTML 1.0 Transitional//EN"
    "http://www.w3.org/TR/xhtml1/DTD/xhtml1-transitional.dtd">
<html xmlns="http://www.w3.org/1999/xhtml" xml:lang="en" lang="en">
 <head>
  <title>
</title>
<meta http-equiv="Content-Type" content="text/html;charset=utf-8" />
  <meta name='ocr-system' content='tesseract 3.04.00' />
  <meta name='ocr-capabilities' content='ocr_page ocr_carea ocr_par ocr_line ocrx_word'/>
</head>
<body>
  <div class='ocr_page' id='page_1' title='image "./satirarumlibriq00juvegoog_0310.png"; bbox 0 0 3434 4575; ppageno 0'>
   <div class='ocr_carea' id='block_1_1' title="bbox 430 361 1154 428">
    <p class='ocr_par' dir='ltr' id='par_1_1' title="bbox 430 361 1154 428">
     <span class='ocr_line' id='line_1_1' title="bbox 430 361 1154 428; baseline -0.007 0"><span class='ocrx_word' id='word_1_1' title='bbox 430 362 492 428; x_wconf 78' lang='lat'>1⁰⁴</span> <span class='ocrx_word' id='word_1_2' title='bbox 755 361 800 422; x_wconf 81' lang='lat' dir='ltr'>bt.</span> <span class='ocrx_word' id='word_1_3' title='bbox 815 363 908 424; x_wconf 84' lang='lat' dir='ltr'><strong>VAL.</strong></span> <span class='ocrx_word' id='word_1_4' title='bbox 926 361 1154 423; x_wconf 73' lang='lat' dir='ltr'>Mlumus</span> 
     </span>
    </p>
   </div>
   <div class='ocr_carea' id='block_1_2' title="bbox 515 512 1317 762">
    <p class='ocr_par' dir='ltr' id='par_1_2' title="bbox 515 512 1317 762">
     <span class='ocr_line' id='line_1_2' title="bbox 556 512 1301 593; baseline 0.007 -20"><span class='ocrx_word' id='word_1_5' title='bbox 556 512 619 574; x_wconf 83' lang='lat' dir='ltr'>Sed</span> <span class='ocrx_word' id='word_1_6' title='bbox 634 534 688 573; x_wconf 86' lang='lat' dir='ltr'>sua</span> <span class='ocrx_word' id='word_1_7' title='bbox 704 534 771 574; x_wconf 86' lang='lat' dir='ltr'>cum</span> <span class='ocrx_word' id='word_1_8' title='bbox 785 512 906 574; x_wconf 77' lang='lat' dir='ltr'>medius</span> <span class='ocrx_word' id='word_1_9' title='bbox 919 513 1039 593; x_wconf 87' lang='lat' dir='ltr'>praelia</span> <span class='ocrx_word' id='word_1_10' title='bbox 1053 514 1194 576; x_wconf 84' lang='lat' dir='ltr'>Bacchus</span> <span class='ocrx_word' id='word_1_11' title='bbox 1209 523 1301 577; x_wconf 77' lang='lat' dir='ltr'>anat</span> 
     </span>
     <span class='ocr_line' id='line_1_3' title="bbox 515 596 1317 680; baseline 0.002 -20"><span class='ocrx_word' id='word_1_12' title='bbox 515 599 549 660; x_wconf 89' lang='lat' dir='ltr'>Si</span> <span class='ocrx_word' id='word_1_13' title='bbox 564 600 656 659; x_wconf 89' lang='lat' dir='ltr'>nimis</span> <span class='ocrx_word' id='word_1_14' title='bbox 671 607 719 658; x_wconf 85' lang='lat' dir='ltr'>est</span> <span class='ocrx_word' id='word_1_15' title='bbox 735 597 850 676; x_wconf 81' lang='lat' dir='ltr'>legisse</span> <span class='ocrx_word' id='word_1_16' title='bbox 863 596 957 674; x_wconf 82' lang='lat' dir='ltr'>duos,</span> <span class='ocrx_word' id='word_1_17' title='bbox 978 599 1036 659; x_wconf 89' lang='lat' dir='ltr'>tibi</span> <span class='ocrx_word' id='word_1_18' title='bbox 1053 599 1161 658; x_wconf 79' lang='lat' dir='ltr'>charta</span> <span class='ocrx_word' id='word_1_19' title='bbox 1174 598 1317 680; x_wconf 72' lang='lat' dir='ltr'><strong>plicetur</strong></span> 
     </span>
     <span class='ocr_line' id='line_1_4' title="bbox 554 680 1174 762; baseline -0.006 -19"><span class='ocrx_word' id='word_1_20' title='bbox 554 680 680 743; x_wconf 82' lang='lat' dir='ltr'>Altera:</span> <span class='ocrx_word' id='word_1_21' title='bbox 703 682 832 742; x_wconf 72' lang='lat' dir='ltr'>divisum</span> <span class='ocrx_word' id='word_1_22' title='bbox 846 683 892 742; x_wconf 89' lang='lat' dir='ltr'>sic</span> <span class='ocrx_word' id='word_1_23' title='bbox 907 684 1002 742; x_wconf 79' lang='lat' dir='ltr'>breve</span> <span class='ocrx_word' id='word_1_24' title='bbox 1016 682 1073 742; x_wconf 88' lang='lat' dir='ltr'>llet</span> <span class='ocrx_word' id='word_1_25' title='bbox 1087 701 1174 762; x_wconf 83' lang='lat' dir='ltr'>opus.</span> 
     </span>
    </p>
   </div>
   <div class='ocr_carea' id='block_1_3' title="bbox 876 815 1036 876">
    <p class='ocr_par' dir='ltr' id='par_1_3' title="bbox 876 815 1036 876">
     <span class='ocr_line' id='line_1_5' title="bbox 876 815 1036 876; baseline 0.006 -1"><span class='ocrx_word' id='word_1_26' title='bbox 876 815 1036 876; x_wconf 90' lang='lat' dir='ltr'><strong>LXXXlll.</strong></span> 
     </span>
    </p>
   </div>
   <div class='ocr_carea' id='block_1_4' title="bbox 489 926 1351 1428">
    <p class='ocr_par' dir='ltr' id='par_1_4' title="bbox 489 926 1351 1428">
     <span class='ocr_line' id='line_1_6' title="bbox 514 926 1296 1010; baseline 0.003 -18"><span class='ocrx_word' id='word_1_27' title='bbox 514 931 631 992; x_wconf 84' lang='lat' dir='ltr'>Securo</span> <span class='ocrx_word' id='word_1_28' title='bbox 649 926 728 989; x_wconf 80' lang='lat' dir='ltr'><strong>nihil</strong></span> <span class='ocrx_word' id='word_1_29' title='bbox 743 937 792 988; x_wconf 90' lang='lat' dir='ltr'>est</span> <span class='ocrx_word' id='word_1_30' title='bbox 807 937 855 1007; x_wconf 84' lang='lat' dir='ltr'>tc,</span> <span class='ocrx_word' id='word_1_31' title='bbox 876 928 1030 1008; x_wconf 85' lang='lat' dir='ltr'>Naevole‚</span> <span class='ocrx_word' id='word_1_32' title='bbox 1051 931 1159 1010; x_wconf 77' lang='lat' dir='ltr'>peius3</span> <span class='ocrx_word' id='word_1_33' title='bbox 1179 930 1296 994; x_wconf 82' lang='lat' dir='ltr'>codem</span> 
     </span>
     <span class='ocr_line' id='line_1_7' title="bbox 555 1011 1243 1091; baseline 0.003 -15"><span class='ocrx_word' id='word_1_34' title='bbox 555 1014 697 1076; x_wconf 86' lang='lat' dir='ltr'>Sollicito</span> <span class='ocrx_word' id='word_1_35' title='bbox 713 1011 792 1072; x_wconf 82' lang='lat' dir='ltr'><strong>nihil</strong></span> <span class='ocrx_word' id='word_1_36' title='bbox 806 1020 875 1090; x_wconf 85' lang='lat' dir='ltr'>est,</span> <span class='ocrx_word' id='word_1_37' title='bbox 896 1011 1050 1091; x_wconf 80' lang='lat' dir='ltr'>Naevole‚</span> <span class='ocrx_word' id='word_1_38' title='bbox 1071 1021 1105 1074; x_wconf 90' lang='lat' dir='ltr'>te</span> <span class='ocrx_word' id='word_1_39' title='bbox 1118 1013 1243 1078; x_wconf 78' lang='lat' dir='ltr'>melius.</span> 
     </span>
     <span class='ocr_line' id='line_1_8' title="bbox 513 1095 1268 1178; baseline 0 -18"><span class='ocrx_word' id='word_1_40' title='bbox 513 1099 648 1160; x_wconf 82' lang='lat' dir='ltr'>Securus</span> <span class='ocrx_word' id='word_1_41' title='bbox 661 1095 782 1157; x_wconf 91' lang='lat' dir='ltr'>nullum</span> <span class='ocrx_word' id='word_1_42' title='bbox 796 1095 966 1175; x_wconf 75' lang='lat' dir='ltr'>resolutas,</span> <span class='ocrx_word' id='word_1_43' title='bbox 989 1096 1124 1178; x_wconf 84' lang='lat' dir='ltr'>despicis</span> <span class='ocrx_word' id='word_1_44' title='bbox 1140 1118 1268 1178; x_wconf 78' lang='lat' dir='ltr'>omnes,</span> 
     </span>
     <span class='ocr_line' id='line_1_9' title="bbox 553 1180 1351 1261; baseline 0.005 -18"><span class='ocrx_word' id='word_1_45' title='bbox 553 1183 619 1243; x_wconf 86' lang='lat' dir='ltr'>Nec</span> <span class='ocrx_word' id='word_1_46' title='bbox 634 1183 793 1261; x_wconf 88' lang='lat' dir='ltr'>quisquam</span> <span class='ocrx_word' id='word_1_47' title='bbox 806 1180 907 1260; x_wconf 84' lang='lat' dir='ltr'>liber,</span> <span class='ocrx_word' id='word_1_48' title='bbox 928 1200 987 1241; x_wconf 90' lang='lat' dir='ltr'>nec</span> <span class='ocrx_word' id='word_1_49' title='bbox 1000 1183 1060 1242; x_wconf 93' lang='lat' dir='ltr'>tibi</span> <span class='ocrx_word' id='word_1_50' title='bbox 1073 1189 1163 1243; x_wconf 90' lang='lat' dir='ltr'>natus</span> <span class='ocrx_word' id='word_1_51' title='bbox 1176 1185 1272 1245; x_wconf 76' lang='lat' dir='ltr'><strong>hono</strong></span> <span class='ocrx_word' id='word_1_52' title='bbox 1287 1196 1351 1248; x_wconf 82' lang='lat' dir='ltr'>cat.</span> 
     </span>
     <span class='ocr_line' id='line_1_10' title="bbox 489 1265 1320 1349; baseline 0.002 -21"><span class='ocrx_word' id='word_1_53' title='bbox 489 1266 673 1329; x_wconf 78' lang='lat' dir='ltr'>bSollioitua</span> <span class='ocrx_word' id='word_1_54' title='bbox 689 1265 800 1342; x_wconf 81' lang='lat' dir='ltr'>donas,</span> <span class='ocrx_word' id='word_1_55' title='bbox 822 1265 978 1325; x_wconf 82' lang='lat' dir='ltr'>dominum</span> <span class='ocrx_word' id='word_1_56' title='bbox 994 1285 1163 1347; x_wconf 74' lang='lat' dir='ltr'>regemque</span> <span class='ocrx_word' id='word_1_57' title='bbox 1178 1269 1320 1349; x_wconf 70' lang='lat' dir='ltr'>solutus,</span> 
     </span>
     <span class='ocr_line' id='line_1_11' title="bbox 555 1347 1145 1428; baseline 0 -17"><span class='ocrx_word' id='word_1_58' title='bbox 555 1352 683 1411; x_wconf 79' lang='lat' dir='ltr'>invitas:</span> <span class='ocrx_word' id='word_1_59' title='bbox 705 1357 789 1425; x_wconf 83' lang='lat' dir='ltr'>esto,</span> <span class='ocrx_word' id='word_1_60' title='bbox 811 1347 963 1428; x_wconf 86' lang='lat' dir='ltr'>Naevole,</span> <span class='ocrx_word' id='word_1_61' title='bbox 985 1349 1145 1412; x_wconf 87' lang='lat' dir='ltr'>sollicitus.</span> 
     </span>
    </p>
   </div>
   <div class='ocr_carea' id='block_1_5' title="bbox 865 1483 1029 1546">
    <p class='ocr_par' dir='ltr' id='par_1_5' title="bbox 865 1483 1029 1546">
     <span class='ocr_line' id='line_1_12' title="bbox 865 1483 1029 1546; baseline 0.018 -3"><span class='ocrx_word' id='word_1_62' title='bbox 865 1483 1029 1546; x_wconf 86' lang='lat' dir='ltr'><strong>LXXXIV.</strong></span> 
     </span>
    </p>
   </div>
   <div class='ocr_carea' id='block_1_6' title="bbox 512 1593 1263 1929">
    <p class='ocr_par' dir='ltr' id='par_1_6' title="bbox 512 1593 1083 1676">
     <span class='ocr_line' id='line_1_13' title="bbox 512 1593 1083 1676; baseline -0.002 -20"><span class='ocrx_word' id='word_1_63' title='bbox 512 1596 579 1656; x_wconf 92' lang='lat' dir='ltr'>Non</span> <span class='ocrx_word' id='word_1_64' title='bbox 594 1597 689 1658; x_wconf 86' lang='lat' dir='ltr'>estin</span> <span class='ocrx_word' id='word_1_65' title='bbox 703 1593 820 1676; x_wconf 87' lang='lat' dir='ltr'>populo</span> <span class='ocrx_word' id='word_1_66' title='bbox 835 1614 894 1656; x_wconf 90' lang='lat' dir='ltr'>nec</span> <span class='ocrx_word' id='word_1_67' title='bbox 909 1598 987 1656; x_wconf 90' lang='lat' dir='ltr'>urbe</span> <span class='ocrx_word' id='word_1_68' title='bbox 1001 1603 1083 1672; x_wconf 79' lang='lat' dir='ltr'>tota,</span> 
     </span>
    </p>

    <p class='ocr_par' dir='ltr' id='par_1_7' title="bbox 512 1678 1080 1759">
     <span class='ocr_line' id='line_1_14' title="bbox 512 1678 1080 1759; baseline -0.004 -18"><span class='ocrx_word' id='word_1_69' title='bbox 512 1681 539 1741; x_wconf 88' lang='lat' dir='ltr'><strong>A</strong></span> <span class='ocrx_word' id='word_1_70' title='bbox 553 1699 587 1742; x_wconf 86' lang='lat' dir='ltr'>se</span> <span class='ocrx_word' id='word_1_71' title='bbox 602 1678 723 1740; x_wconf 79' lang='lat' dir='ltr'>Thaida</span> <span class='ocrx_word' id='word_1_72' title='bbox 738 1681 790 1759; x_wconf 90' lang='lat' dir='ltr'>qui</span> <span class='ocrx_word' id='word_1_73' title='bbox 803 1681 919 1759; x_wconf 87' lang='lat' dir='ltr'>probet</span> <span class='ocrx_word' id='word_1_74' title='bbox 933 1681 1080 1758; x_wconf 80' lang='lat' dir='ltr'>fututam,</span> 
     </span>
    </p>

    <p class='ocr_par' dir='ltr' id='par_1_8' title="bbox 513 1761 1136 1844">
     <span class='ocr_line' id='line_1_15' title="bbox 513 1761 1136 1844; baseline 0 -18"><span class='ocrx_word' id='word_1_75' title='bbox 513 1766 589 1826; x_wconf 83' lang='lat' dir='ltr'>Cum</span> <span class='ocrx_word' id='word_1_76' title='bbox 604 1762 694 1825; x_wconf 85' lang='lat' dir='ltr'>multi</span> <span class='ocrx_word' id='word_1_77' title='bbox 707 1765 832 1844; x_wconf 86' lang='lat' dir='ltr'>cupiant</span> <span class='ocrx_word' id='word_1_78' title='bbox 847 1771 1022 1844; x_wconf 77' lang='lat' dir='ltr'>rogentque</span> <span class='ocrx_word' id='word_1_79' title='bbox 1036 1761 1136 1826; x_wconf 91' lang='lat' dir='ltr'>multi.</span> 
     </span>
    </p>

    <p class='ocr_par' dir='ltr' id='par_1_9' title="bbox 512 1843 1263 1929">
     <span class='ocr_line' id='line_1_16' title="bbox 512 1843 1263 1929; baseline -0.001 -19"><span class='ocrx_word' id='word_1_80' title='bbox 512 1849 588 1910; x_wconf 82' lang='lat' dir='ltr'>Tam</span> <span class='ocrx_word' id='word_1_81' title='bbox 603 1855 687 1909; x_wconf 85' lang='lat' dir='ltr'>casta</span> <span class='ocrx_word' id='word_1_82' title='bbox 700 1856 765 1925; x_wconf 86' lang='lat' dir='ltr'>est,</span> <span class='ocrx_word' id='word_1_83' title='bbox 787 1865 882 1929; x_wconf 84' lang='lat' dir='ltr'>rogo,</span> <span class='ocrx_word' id='word_1_84' title='bbox 904 1848 1024 1908; x_wconf 74' lang='lat' dir='ltr'>Thais?</span> <span class='ocrx_word' id='word_1_85' title='bbox 1049 1848 1142 1907; x_wconf 90' lang='lat' dir='ltr'>lmmo</span> <span class='ocrx_word' id='word_1_86' title='bbox 1158 1843 1263 1910; x_wconf 82' lang='lat' dir='ltr'>fellat.</span> 
     </span>
    </p>
   </div>
   <div class='ocr_carea' id='block_1_7' title="bbox 874 1981 1025 2043">
    <p class='ocr_par' dir='ltr' id='par_1_10' title="bbox 874 1981 1025 2043">
     <span class='ocr_line' id='line_1_17' title="bbox 874 1981 1025 2043; baseline 0 0"><span class='ocrx_word' id='word_1_87' title='bbox 874 1981 1025 2043; x_wconf 85' lang='lat' dir='ltr'><strong>LXXXV.</strong></span> 
     </span>
    </p>
   </div>
   <div class='ocr_carea' id='block_1_8' title="bbox 468 2093 1381 2277">
    <p class='ocr_par' dir='ltr' id='par_1_11' title="bbox 468 2093 1381 2277">
     <span class='ocr_line' id='line_1_18' title="bbox 510 2093 1381 2175; baseline 0.007 -21"><span class='ocrx_word' id='word_1_88' title='bbox 510 2093 574 2154; x_wconf 89' lang='lat' dir='ltr'>Nos</span> <span class='ocrx_word' id='word_1_89' title='bbox 591 2094 723 2154; x_wconf 86' lang='lat' dir='ltr'>bibimus</span> <span class='ocrx_word' id='word_1_90' title='bbox 738 2096 837 2175; x_wconf 82' lang='lat' dir='ltr'>vitro,</span> <span class='ocrx_word' id='word_1_91' title='bbox 858 2105 894 2156; x_wconf 87' lang='lat' dir='ltr'>tu</span> <span class='ocrx_word' id='word_1_92' title='bbox 907 2113 1028 2171; x_wconf 87' lang='lat' dir='ltr'>murra,</span> <span class='ocrx_word' id='word_1_93' title='bbox 1050 2093 1191 2154; x_wconf 84' lang='lat' dir='ltr'>Pontice.</span> <span class='ocrx_word' id='word_1_94' title='bbox 1220 2094 1356 2172; x_wconf 65' lang='lat' dir='ltr'>Quare?</span> <span class='ocrx_word' id='word_1_95' title='bbox 1378 2095 1381 2099; x_wconf 69' lang='grc'>’</span> 
     </span>
     <span class='ocr_line' id='line_1_19' title="bbox 468 2174 1183 2277; baseline 0.004 -40"><span class='ocrx_word' id='word_1_96' title='bbox 468 2268 472 2277; x_wconf 27' lang='lat'><strong><em>¹</em></strong></span> <span class='ocrx_word' id='word_1_97' title='bbox 552 2174 670 2237; x_wconf 77' lang='lat' dir='ltr'><strong>Prodat</strong></span> <span class='ocrx_word' id='word_1_98' title='bbox 682 2180 865 2259; x_wconf 81' lang='lat' dir='ltr'>perspicuus</span> <span class='ocrx_word' id='word_1_99' title='bbox 880 2197 920 2239; x_wconf 90' lang='lat' dir='ltr'>ne</span> <span class='ocrx_word' id='word_1_100' title='bbox 935 2177 995 2238; x_wconf 87' lang='lat' dir='ltr'>dno</span> <span class='ocrx_word' id='word_1_101' title='bbox 1010 2178 1080 2237; x_wconf 84' lang='lat' dir='ltr'>vina</span> <span class='ocrx_word' id='word_1_102' title='bbox 1095 2175 1183 2240; x_wconf 83' lang='lat' dir='ltr'>calix.</span> 
     </span>
    </p>
   </div>
   <div class='ocr_carea' id='block_1_9' title="bbox 835 2328 1026 2391">
    <p class='ocr_par' dir='ltr' id='par_1_12' title="bbox 835 2328 1026 2391">
     <span class='ocr_line' id='line_1_20' title="bbox 835 2328 1026 2391; baseline 0 -2"><span class='ocrx_word' id='word_1_103' title='bbox 835 2332 840 2341; x_wconf 94' lang='lat'>&#39;</span> <span class='ocrx_word' id='word_1_104' title='bbox 862 2328 1026 2391; x_wconf 82' lang='lat' dir='ltr'><strong>LXXXVI.</strong></span> 
     </span>
    </p>
   </div>
   <div class='ocr_carea' id='block_1_10' title="bbox 467 2439 1147 3359">
    <p class='ocr_par' dir='ltr' id='par_1_13' title="bbox 467 2439 1147 3359">
     <span class='ocr_line' id='line_1_21' title="bbox 510 2439 1028 2523; baseline 0.004 -24"><span class='ocrx_word' id='word_1_105' title='bbox 510 2439 544 2500; x_wconf 89' lang='lat' dir='ltr'>Sl</span> <span class='ocrx_word' id='word_1_106' title='bbox 558 2441 603 2499; x_wconf 88' lang='lat' dir='ltr'>vis</span> <span class='ocrx_word' id='word_1_107' title='bbox 618 2443 742 2502; x_wconf 85' lang='lat' dir='ltr'>auribus</span> <span class='ocrx_word' id='word_1_108' title='bbox 756 2442 869 2503; x_wconf 84' lang='lat' dir='ltr'>Atticis</span> <span class='ocrx_word' id='word_1_109' title='bbox 883 2444 1028 2523; x_wconf 83' lang='lat' dir='ltr'>probari,</span> 
     </span>
     <span class='ocr_line' id='line_1_22' title="bbox 509 2524 1065 2606; baseline 0.005 -24"><span class='ocrx_word' id='word_1_110' title='bbox 509 2524 666 2585; x_wconf 78' lang='lat' dir='ltr'><strong>Exhortor</strong></span> <span class='ocrx_word' id='word_1_111' title='bbox 680 2544 854 2606; x_wconf 83' lang='lat' dir='ltr'>moneoque</span> <span class='ocrx_word' id='word_1_112' title='bbox 869 2533 919 2603; x_wconf 83' lang='lat' dir='ltr'>te,</span> <span class='ocrx_word' id='word_1_113' title='bbox 937 2524 1065 2601; x_wconf 87' lang='lat' dir='ltr'>libelle,</span> 
     </span>
     <span class='ocr_line' id='line_1_23' title="bbox 509 2606 992 2690; baseline 0.006 -23"><span class='ocrx_word' id='word_1_114' title='bbox 509 2607 552 2667; x_wconf 88' lang='lat' dir='ltr'>Ut</span> <span class='ocrx_word' id='word_1_115' title='bbox 567 2606 658 2669; x_wconf 89' lang='lat' dir='ltr'>docto</span> <span class='ocrx_word' id='word_1_116' title='bbox 672 2607 795 2690; x_wconf 85' lang='lat' dir='ltr'>placeas</span> <span class='ocrx_word' id='word_1_117' title='bbox 809 2610 992 2690; x_wconf 86' lang='lat' dir='ltr'>Apollinari.</span> 
     </span>
     <span class='ocr_line' id='line_1_24' title="bbox 508 2689 1020 2774; baseline 0.01 -25"><span class='ocrx_word' id='word_1_118' title='bbox 508 2689 560 2750; x_wconf 87' lang='lat' dir='ltr'>Nil</span> <span class='ocrx_word' id='word_1_119' title='bbox 574 2694 710 2753; x_wconf 80' lang='lat' dir='ltr'>exactius</span> <span class='ocrx_word' id='word_1_120' title='bbox 725 2691 941 2774; x_wconf 78' lang='lat' dir='ltr'>eruditiusque</span> <span class='ocrx_word' id='word_1_121' title='bbox 955 2700 1020 2771; x_wconf 85' lang='lat' dir='ltr'>est,</span> 
     </span>
     <span class='ocr_line' id='line_1_25' title="bbox 488 2774 1084 2858; baseline -0.002 -22"><span class='ocrx_word' id='word_1_122' title='bbox 488 2774 577 2836; x_wconf 72' lang='lat' dir='ltr'>bsed</span> <span class='ocrx_word' id='word_1_123' title='bbox 590 2794 649 2836; x_wconf 84' lang='lat' dir='ltr'>nco</span> <span class='ocrx_word' id='word_1_124' title='bbox 664 2776 823 2837; x_wconf 84' lang='lat' dir='ltr'>candidius</span> <span class='ocrx_word' id='word_1_125' title='bbox 838 2778 1084 2858; x_wconf 84' lang='lat' dir='ltr'>benigniusque:</span> 
     </span>
     <span class='ocr_line' id='line_1_26' title="bbox 509 2858 1021 2938; baseline 0.006 -20"><span class='ocrx_word' id='word_1_126' title='bbox 509 2858 542 2918; x_wconf 88' lang='lat' dir='ltr'>Si</span> <span class='ocrx_word' id='word_1_127' title='bbox 556 2865 589 2919; x_wconf 87' lang='lat' dir='ltr'>te</span> <span class='ocrx_word' id='word_1_128' title='bbox 603 2865 749 2938; x_wconf 85' lang='lat' dir='ltr'>pectore,</span> <span class='ocrx_word' id='word_1_129' title='bbox 772 2861 798 2920; x_wconf 90' lang='lat' dir='ltr'>si</span> <span class='ocrx_word' id='word_1_130' title='bbox 812 2862 935 2922; x_wconf 87' lang='lat' dir='ltr'>tenebit</span> <span class='ocrx_word' id='word_1_131' title='bbox 949 2879 1021 2938; x_wconf 87' lang='lat' dir='ltr'>ore,</span> 
     </span>
     <span class='ocr_line' id='line_1_27' title="bbox 507 2942 1124 3023; baseline 0.003 -22"><span class='ocrx_word' id='word_1_132' title='bbox 507 2942 573 3002; x_wconf 89' lang='lat' dir='ltr'>Nec</span> <span class='ocrx_word' id='word_1_133' title='bbox 587 2943 743 3003; x_wconf 74' lang='lat' dir='ltr'>rhonchos</span> <span class='ocrx_word' id='word_1_134' title='bbox 757 2952 878 3005; x_wconf 81' lang='lat' dir='ltr'>metues</span> <span class='ocrx_word' id='word_1_135' title='bbox 892 2944 1124 3023; x_wconf 83' lang='lat' dir='ltr'>maligniorum,</span> 
     </span>
     <span class='ocr_line' id='line_1_28' title="bbox 507 3025 1147 3089; baseline 0.003 -4"><span class='ocrx_word' id='word_1_136' title='bbox 507 3025 573 3087; x_wconf 86' lang='lat' dir='ltr'>Nee</span> <span class='ocrx_word' id='word_1_137' title='bbox 586 3027 736 3087; x_wconf 75' lang='lat' dir='ltr'>scombris</span> <span class='ocrx_word' id='word_1_138' title='bbox 752 3029 871 3089; x_wconf 87' lang='lat' dir='ltr'>tunicas</span> <span class='ocrx_word' id='word_1_139' title='bbox 886 3028 975 3089; x_wconf 84' lang='lat' dir='ltr'>dabis</span> <span class='ocrx_word' id='word_1_140' title='bbox 992 3026 1147 3088; x_wconf 78' lang='lat' dir='ltr'>molestas.</span> 
     </span>
     <span class='ocr_line' id='line_1_29' title="bbox 508 3108 1020 3189; baseline 0.006 -20"><span class='ocrx_word' id='word_1_141' title='bbox 508 3108 542 3169; x_wconf 88' lang='lat' dir='ltr'>Si</span> <span class='ocrx_word' id='word_1_142' title='bbox 558 3109 764 3189; x_wconf 82' lang='lat' dir='ltr'>damnaverit,</span> <span class='ocrx_word' id='word_1_143' title='bbox 787 3111 825 3171; x_wconf 84' lang='lat' dir='ltr'>ad</span> <span class='ocrx_word' id='word_1_144' title='bbox 838 3111 1020 3172; x_wconf 84' lang='lat' dir='ltr'>salariorum</span> 
     </span>
     <span class='ocr_line' id='line_1_30' title="bbox 467 3194 1048 3275; baseline 0.005 -23"><span class='ocrx_word' id='word_1_145' title='bbox 467 3194 622 3255; x_wconf 78' lang='lat' dir='ltr'>locurras</span> <span class='ocrx_word' id='word_1_146' title='bbox 638 3195 753 3254; x_wconf 83' lang='lat' dir='ltr'>scrinia</span> <span class='ocrx_word' id='word_1_147' title='bbox 765 3197 908 3275; x_wconf 86' lang='lat' dir='ltr'>protinus</span> <span class='ocrx_word' id='word_1_148' title='bbox 921 3194 1048 3271; x_wconf 77' lang='lat' dir='ltr'>licebit,</span> 
     </span>
     <span class='ocr_line' id='line_1_31' title="bbox 506 3277 1011 3359; baseline 0.002 -22"><span class='ocrx_word' id='word_1_149' title='bbox 506 3277 630 3339; x_wconf 77' lang='lat' dir='ltr'>Inversa</span> <span class='ocrx_word' id='word_1_150' title='bbox 644 3280 751 3359; x_wconf 85' lang='lat' dir='ltr'>pueris</span> <span class='ocrx_word' id='word_1_151' title='bbox 766 3279 881 3339; x_wconf 85' lang='lat' dir='ltr'>arande</span> <span class='ocrx_word' id='word_1_152' title='bbox 896 3280 1011 3339; x_wconf 85' lang='lat' dir='ltr'>charta.</span> 
     </span>
    </p>
   </div>
   <div class='ocr_carea' id='block_1_11' title="bbox 855 3369 1034 3473">
    <p class='ocr_par' dir='ltr' id='par_1_14' title="bbox 855 3369 1034 3473">
     <span class='ocr_line' id='line_1_32' title="bbox 855 3369 1034 3473; baseline -0.006 -1"><span class='ocrx_word' id='word_1_153' title='bbox 855 3369 1034 3473; x_wconf 80' lang='lat' dir='ltr'>nxxxv&#39;n.</span> 
     </span>
    </p>
   </div>
   <div class='ocr_carea' id='block_1_12' title="bbox 371 3520 1279 3686">
    <p class='ocr_par' dir='ltr' id='par_1_15' title="bbox 371 3520 1279 3686">
     <span class='ocr_line' id='line_1_33' title="bbox 371 3520 1279 3604; baseline 0.006 -24"><span class='ocrx_word' id='word_1_154' title='bbox 371 3580 377 3592; x_wconf 78' lang='grc'><em>,</em></span> <span class='ocrx_word' id='word_1_155' title='bbox 507 3520 660 3584; x_wconf 81' lang='lat' dir='ltr'>Infantem</span> <span class='ocrx_word' id='word_1_156' title='bbox 675 3542 780 3583; x_wconf 89' lang='lat' dir='ltr'>secum</span> <span class='ocrx_word' id='word_1_157' title='bbox 794 3540 919 3603; x_wconf 85' lang='lat' dir='ltr'>semper</span> <span class='ocrx_word' id='word_1_158' title='bbox 934 3529 987 3583; x_wconf 86' lang='lat' dir='ltr'>tua</span> <span class='ocrx_word' id='word_1_159' title='bbox 999 3523 1108 3600; x_wconf 83' lang='lat' dir='ltr'>Bassa,</span> <span class='ocrx_word' id='word_1_160' title='bbox 1129 3522 1279 3604; x_wconf 74' lang='lat' dir='ltr'>Fabulle,</span> 
     </span>
     <span class='ocr_line' id='line_1_34' title="bbox 549 3603 1158 3686; baseline -0.002 -20"><span class='ocrx_word' id='word_1_161' title='bbox 549 3605 689 3668; x_wconf 78' lang='lat' dir='ltr'>collocat</span> <span class='ocrx_word' id='word_1_162' title='bbox 703 3614 737 3667; x_wconf 91' lang='lat' dir='ltr'>et</span> <span class='ocrx_word' id='word_1_163' title='bbox 748 3604 834 3666; x_wconf 88' lang='lat' dir='ltr'>lusus</span> <span class='ocrx_word' id='word_1_164' title='bbox 849 3603 1041 3686; x_wconf 73' lang='lat' dir='ltr'>deliciasque</span> <span class='ocrx_word' id='word_1_165' title='bbox 1054 3615 1158 3683; x_wconf 82' lang='lat' dir='ltr'>vocat,</span> 
     </span>
    </p>
   </div>
   <div class='ocr_carea' id='block_1_13' title="bbox 0 0 1722 4575">
    <p class='ocr_par' dir='ltr' id='par_1_16' title="bbox 0 0 1722 4575">
     <span class='ocr_line' id='line_1_35' title="bbox 0 0 1722 4575; baseline 0 5"><span class='ocrx_word' id='word_1_166' title='bbox 0 0 1722 4575; x_wconf 95' lang='lat' dir='ltr'> </span> 
     </span>
    </p>
   </div>
  </div>
 </body>
</html>
