3434 4575
737 471 862 520 sauma
885 472 909 522 1.

306 612 438 691 antiquis
461 630 516 672 una
538 612 693 672 comedunt
715 611 885 690 patrimonia
907 630 1016 673 mensa.

304 695 405 757 Nullos
428 698 485 756 iam
508 697 652 774 parasitus
674 697 739 757 erit.
772 697 831 756 Sed
855 698 920 776 quis
942 696 1017 756 ierat
1040 698 1111 758 istas

305 781 447 840 Luxuriae
472 777 600 842 sordes?
622 790 727 859 quanta
752 790 797 840 est
819 780 904 858 gula,
926 799 1001 861 quae
1024 781 1080 840 sibi
1102 793 1180 845 totos
1249 798 1299 853 tto

306 866 385 925 Ponit
405 882 515 944 apros,
538 866 641 925 animal
664 874 786 944 propter
808 866 943 925 convivia
962 867 1071 925 natum!

305 950 399 1010 Poena
422 959 520 1010 tamen
542 967 701 1028 praesens,
725 968 811 1029 quum
832 959 862 1009 tn
884 950 1008 1028 deponis
1028 952 1148 1011 amictus

304 1033 447 1112 lurgidns
470 1043 499 1093 et
522 1033 641 1093 crudum
662 1051 805 1113 pavonem
827 1035 855 1093 in
878 1033 982 1094 balnea
1001 1043 1109 1111 portas.

304 1118 373 1178 lliuc
397 1118 513 1179 subitae
536 1127 645 1178 mortes
669 1127 757 1198 atque
780 1120 913 1179 intestata
937 1129 1089 1183 senectus:

303 1203 338 1263 Et
359 1221 435 1262 nora
460 1221 516 1262 nec
539 1202 629 1262 tristis
653 1221 707 1282 per
731 1212 850 1263 cunctas
872 1203 969 1263 sabula
990 1221 1100 1263 coenas

303 1288 423 1348 Ducitur
446 1288 526 1347 iratis
551 1286 744 1364 plaudendum
767 1287 850 1347 iunus
874 1289 983 1348 amicis.

363 1370 412 1432 Nil
437 1373 492 1431 erit
511 1371 647 1446 ulterius,
669 1371 747 1451 quod
770 1372 878 1433 nostris
901 1371 1029 1431 moribus
1047 1373 1132 1433 addat

304 1457 478 1520 Posteritas:
502 1456 605 1515 eadem
624 1457 733 1518 facient
757 1459 933 1536 cupientque
957 1458 1094 1517 minores.

303 1539 395 1600 Omne
418 1541 446 1598 iu
468 1540 622 1619 praecipiti
646 1542 744 1600 vitium
767 1542 861 1609 stetit;
885 1551 968 1601 utere
990 1542 1082 1618 velis,

303 1625 395 1684 l'otos
419 1624 514 1702 pande
538 1625 632 1684 sinus!
668 1623 756 1685 Dicas
776 1625 823 1684 hic
847 1625 983 1686 forsitan:
1007 1625 1090 1687 Unde

303 1710 451 1787 ingenium
475 1727 527 1788 par
547 1708 707 1769 materiae?
730 1709 805 1769 unde
829 1710 878 1770 illa
901 1711 1026 1788 priorum

302 1793 459 1854 scribendi
482 1794 685 1873 quodcumque
705 1795 799 1854 auimo
823 1795 964 1872 flagrante
987 1794 1093 1854 liberet

303 1878 500 1957 Simplicitas,
523 1879 604 1938 cuius
625 1895 682 1936 non
705 1879 800 1938 audeo
823 1879 923 1939 dicere
947 1877 1075 1938 nomeu?

303 1963 378 2037 Quid
401 1961 494 2021 reiert
515 1962 600 2022 dictis
622 1963 755 2040 ignoscat
777 1962 889 2022 lllucius
913 1982 947 2022 au
966 1961 1045 2022 noni

304 2048 381 2107 l’one
405 2045 594 2123 Tigellinum:
619 2047 703 2106 taeda
728 2047 843 2107 lucebis
865 2049 893 2106 iu
915 2047 981 2124 illa,

304 2131 365 2205 Qua
391 2140 501 2190 stantes
523 2132 643 2206 ardent,
664 2133 713 2211 qui
737 2132 795 2190 lixo
819 2142 943 2210 pectore
966 2132 1089 2207 fumant,

306 2214 338 2275 Et
360 2215 448 2276 latum
470 2214 566 2275 media
588 2215 698 2275 sulcum
722 2216 842 2276 deducis
865 2235 963 2277 arena.
987 2253 1028 2261 -

304 2300 357 2375 Qui
381 2300 461 2362 dedit
484 2318 557 2377 ergo
578 2300 670 2360 trihus
693 2302 802 2379 patruis
826 2303 957 2378 aconita,
979 2302 1099 2362 vehatur

306 2384 467 2445 Pensilibus
492 2385 594 2463 plumis
617 2395 702 2463 atque
727 2385 806 2445 illinc
828 2387 973 2465 despiciet
994 2386 1069 2445 uos'l
1093 2422 1134 2435 —

307 2469 396 2543 Quum
415 2470 514 2529 veniet
537 2479 654 2545 contra,
679 2470 769 2547 digito
794 2488 952 2548 compesce
973 2471 1128 2530 labellum:

307 2556 469 2614 Accusator
491 2553 545 2613 erit
567 2555 615 2633 qui
638 2554 759 2614 verbum
783 2554 903 2614 dixerit:
930 2554 975 2614 hio
999 2565 1052 2614 est.

304 2640 433 2698 Securus
452 2637 522 2698 lieet
542 2638 663 2698 Aenean
693 2637 887 2717 Rutulumque
908 2639 1040 2699 ferocem

304 2720 489 2798 Committas,
509 2722 578 2782 nulli
599 2724 698 2801 gravis
721 2732 765 2782 est
788 2741 946 2801 percussos
968 2723 1101 2783 Achilles

305 2810 359 2867 dut
379 2807 497 2866 multum
521 2809 670 2885 quaesitus
691 2806 781 2882 llylas
804 2825 962 2885 urnamque
984 2818 1116 2872 secutus:

306 2891 380 2951 Ense
402 2892 482 2951 velut
506 2892 607 2951 stricto
627 2892 742 2969 quoties
763 2890 890 2952 Lucilius
913 2892 1019 2952 ardens

305 2976 466 3050 lniremnit,
491 2973 576 3034 rubet
599 2977 729 3051 auditor,
754 2976 799 3035 oui
822 2975 926 3053 frigida
948 2995 1030 3035 meus
1054 2986 1098 3036 est

305 3057 493 3135 Criminibus,
517 3060 604 3119 tacita
627 3060 729 3119 sudant
749 3060 925 3137 praecordia
952 3062 1047 3140 culpa.

305 3144 371 3204 lude
393 3145 455 3205 irae
481 3152 511 3203 et
533 3142 681 3203 lacrimae.
723 3142 830 3204 'l'eonm
855 3144 935 3222 prius
959 3162 1030 3223 ergo
1053 3144 1148 3205 voluta

304 3227 380 3289 llaec
405 3230 501 3289 anime
524 3236 591 3287 ante
611 3228 711 3295 tubas;
734 3228 880 3306 galeatum
905 3247 974 3289 sero
998 3230 1087 3290 duelli

304 3313 442 3375 l’oenitet.
461 3348 502 3357 —
524 3309 687 3391 Experiar,
714 3312 782 3392 qnid
807 3314 985 3373 concedatur
1005 3315 1033 3373 in
1058 3313 1142 3390 illos,
1244 3325 1295 3377 170

303 3396 429 3469 ortorum
451 3395 592 3456 Flaminia
614 3396 722 3475 tegitur
746 3397 818 3457 cinis
840 3407 927 3476 atque
948 3396 1057 3458 Latina.

708 3625 886 3633 *α’-..-
