3434 4575
701 479 911 528 PRAEFATIO.
1267 484 1307 532 11,

323 635 437 695 bellum
452 639 544 693 leviter
558 641 717 695 retractauit
731 644 758 693 et
771 639 864 695 caasa
881 642 972 697 Basso
988 643 1107 713 petenti,
1118 646 1149 696 at
1164 642 1223 713 ipsc
1243 642 1306 698 cde·

323 729 379 791 ret,
400 722 513 776 tradidit
538 722 687 784 edendam
712 738 802 799 quem
823 720 973 797 jamtum
1006 720 1188 781 carminibus
1216 721 1306 781 editis

325 803 437 861 clarum
459 810 490 861 et
513 803 707 881 conspicuum
727 803 821 863 fuisse
841 804 936 883 ipsius
959 806 1060 865 Persii
1086 806 1250 887 appellatio
1274 806 1307 864 in

323 887 435 946 satirae
453 895 559 946 sextae
581 888 665 946 initio
682 888 755 946 satis
771 888 918 962 ostendit,
934 909 1035 969 nsque
1049 889 1108 948 hoc
1129 889 1196 968 ipso
1217 908 1305 967 argu·

322 979 424 1029 mento
446 971 491 1029 uti
513 990 621 1030 recuso
637 970 677 1029 ad
696 970 840 1030 tuendam
857 971 1020 1032 lectionem
1033 993 1063 1031 v.
1085 972 1104 1032 6
1120 978 1243 1047 careatus
1264 977 1306 1031 lu·

322 1060 391 1112 sisse
405 1072 508 1126 scaea,
525 1074 616 1135 quam
630 1075 670 1114 ex
685 1057 796 1134 optimo
812 1056 918 1117 codice
936 1055 1136 1135 Lugdunensi
1152 1056 1223 1115 olim
1238 1077 1304 1117 eru·

322 1147 385 1196 tam
400 1137 492 1198 etiam
506 1140 633 1197 nuncin
648 1138 784 1199 ordinem
798 1141 937 1219 recipere
950 1160 1013 1199 non
1028 1140 1174 1199 dubitavi.
1192 1138 1304 1217 Quam·

322 1222 370 1281 vis
390 1223 469 1282 enim
484 1222 584 1282 Persii
596 1223 634 1282 ab
649 1224 739 1300 hujus
755 1222 962 1283 adolescentia
980 1224 1109 1282 amicum
1119 1223 1214 1283 fnisse
1229 1225 1304 1283 Bas·

323 1327 388 1365 sum
402 1305 490 1365 modo
504 1306 677 1384 legerimus,
695 1307 855 1387 aequalem
869 1316 973 1368 tamen
986 1308 1087 1367 Persii
1104 1308 1208 1381 fuisse,
1225 1307 1307 1388 quod

321 1390 463 1470 plerique
480 1398 664 1464 statuerunt,
679 1391 750 1451 inde
768 1410 831 1450 non
851 1393 1005 1473 sequitur,
1024 1392 1113 1450 immo
1131 1392 1305 1471 planissime

321 1474 534 1550 grammaticus
552 1475 702 1552 posterius
719 1475 838 1534 demum
852 1475 892 1534 ad
906 1476 1052 1557 aequales
1062 1475 1162 1536 Persii
1176 1476 1304 1535 familia·
1405 1504 1409 1512 ·

321 1577 370 1616 res
385 1557 508 1633 transit3
524 1557 670 1632 Bassum,
689 1559 790 1636 sijum
809 1568 873 1617 tum
893 1569 1004 1639 poetae
1018 1580 1129 1619 nomen
1144 1568 1305 1633 meruerat,

320 1642 543 1720 provectiorem
560 1650 660 1701 aetate
678 1643 772 1702 fuisse
785 1663 912 1703 necesse
928 1652 988 1717 est,
1004 1643 1070 1702 sive
1081 1644 1212 1704 maxime
1224 1653 1305 1718 tunc,

322 1745 413 1804 quum
435 1726 598 1783 amicitiam
625 1746 692 1785 cum
715 1725 821 1785 Persio
847 1726 1075 1787 adolescentulo
1097 1728 1210 1805 junxit,
1226 1729 1305 1788 inter

318 1810 451 1885 juvenes
467 1809 656 1882 censebatur,
672 1810 731 1868 hoe
746 1810 893 1869 moriente
909 1810 1001 1869 facile
1024 1811 1305 1891 quinquagesimum

322 1913 432 1952 annum
453 1893 591 1971 attigisse
610 1900 745 1971 poterat,
768 1893 817 1951 eui
839 1895 949 1953 aetatis
970 1893 1078 1971 gradui
1093 1894 1224 1953 Romani
1240 1895 1305 1953 sine

321 1977 385 2036 ulla
401 1976 590 2036 dubitatione
605 1984 792 2036 senectutem
809 1986 1033 2050 concesseruut,
1051 1976 1309 2037 cf.eic.Att.V1.

322 2061 351 2133 6,
366 2061 476 2120 Horat.
495 2058 587 2119 Satir.
603 2060 645 2118 Π’.
664 2059 691 2118 1.
714 2059 763 2133 34,
780 2061 849 2119 Liv.
865 2061 973 2120 XXX.
992 2058 1041 2134 30,
1060 2059 1138 2121 Stat.
1156 2059 1232 2120 silv.
1248 2062 1305 2121 IV.

321 2143 351 2203 9.
368 2142 418 2203 20.
448 2146 498 2203 De
515 2143 583 2203 aliis
598 2143 698 2204 Persii
713 2145 832 2223 scriptis
857 2165 936 2226 quae
952 2146 1165 2223 grammaticus
1185 2165 1302 2225 compe·

321 2237 412 2303 reret,
426 2228 474 2287 his
489 2227 591 2287 verbis
606 2236 724 2287 narrat:
740 2234 893 2304 scripserat
912 2235 993 2287 etiam
1007 2232 1129 2287 Flaccus
1142 2234 1170 2287 ia
1183 2234 1304 2309 pueritia

318 2322 496 2387 praetextam
516 2316 610 2372 Vescia
625 2346 668 2357 -
681 2313 733 2372 vel
748 2333 928 2394 quoeunque
950 2313 1011 2372 ulio
1028 2313 1149 2373 nomine
1166 2313 1244 2373 haee
1259 2314 1300 2372 fa·

322 2396 394 2455 bula
424 2396 495 2468 fuit,
521 2417 611 2475 quam
636 2397 831 2457 Heinrichius
859 2401 1029 2470 Restionem,
1052 2399 1226 2457 Ditntzerus
1248 2401 1291 2456 De

322 2486 401 2550 aum,
417 2480 571 2540 Prellerus
588 2500 628 2540 ex
642 2480 720 2539 alius
737 2478 853 2540 Scholii
867 2482 1004 2560 vestigiis
1013 2485 1152 2554 Nasicam,
1166 2482 1305 2561 proxime

323 2564 455 2644 denique
481 2563 521 2622 ad
541 2564 698 2623 literarum
720 2563 826 2624 duetus
848 2564 998 2624 accedens
1016 2565 1160 2625 Hertaius
1187 2563 1304 2644 (philol.

322 2647 398 2707 klin.
423 2645 576 2725 Streiizug
601 2646 689 2720 1849,
710 2669 741 2726 p.
758 2645 810 2726 27)
828 2669 868 2708 ex
889 2650 957 2708 Liv.
978 2649 1036 2707 IX.
1056 2647 1095 2708 25
1121 2653 1244 2708 Vesciam
1259 2649 1303 2707 in-

322 2731 415 2790 scribi
428 2731 614 2790 maluit—et
627 2722 824 2809 ὁδοιπορικών
839 2737 938 2791 libram
953 2752 1037 2791 anum
1052 2742 1079 2791 et
1095 2751 1202 2808 paucos
1216 2738 1245 2791 ia
1259 2751 1307 2790 so-⁴

322 2835 400 2874 crum
417 2819 567 2888 Thraseae,
579 2819 691 2874 Arriam
704 2824 826 2889 matrem,
838 2835 942 2888 uersas,
954 2834 1025 2891 puae
1037 2834 1068 2874 se
1081 2827 1145 2875 anta
1156 2821 1244 2875 airam
1259 2834 1304 2874 aa·

323 2903 430 2957 ciderat
438 2926 448 2964 ,·
462 2899 518 2959 sed
533 2918 566 2958 ca
583 2905 682 2972 omnia,
696 2900 803 2981 inquit,
819 2908 917 2959 auster
929 2903 984 2975 suit
999 2903 1133 2959 Cornutus
1147 2907 1232 2958 matri
1242 2904 1305 2974 ejas

322 2994 353 3041 at
364 2987 491 3055 aboleret,
510 2983 603 3063 idque
619 2984 777 3043 eonsilium
790 2993 888 3043 ratum
904 2983 997 3043 fuisse
1018 2985 1070 3044 vel
1081 2984 1152 3044 inde
1168 2990 1304 3063 apparet,

324 3066 404 3147 quod
418 3069 483 3144 jam
498 3068 656 3146 proximae
677 3069 785 3128 aetatis
806 3076 946 3128 auctores
964 3088 1057 3127 unum
1077 3076 1207 3140 tantum,
1224 3065 1305 3147 quod

322 3171 378 3209 nos
401 3171 521 3231 quoque
541 3159 694 3225 tenemus,
715 3171 771 3212 sex
791 3154 950 3212 satirarum
973 3153 1116 3212 volumen
1137 3158 1303 3225 noverunt3

324 3235 363 3293 ef.
379 3232 507 3310 Quintil.
525 3235 567 3292 X.
592 3234 619 3292 1.
639 3233 696 3294 94:
717 3241 829 3295 multam
845 3246 872 3295 et
889 3254 972 3294 aerae
987 3241 1090 3310 pieriae
1109 3240 1231 3310 qrearrzuis
1249 3252 1303 3292 aaa

323 3322 391 3376 libra
403 3321 517 3376 Persius
529 3324 634 3390 meruit,
650 3327 680 3378 et
694 3321 827 3379 Martial.
844 3321 899 3380 IV.
917 3317 967 3380 28.
984 3321 1018 3377 7:

473 3407 585 3476 saepius
597 3407 627 3460 ia
641 3406 709 3462 libro
723 3414 891 3463 memoratur
906 3406 1021 3462 Persius
1034 3422 1097 3475 una,

528 3506 610 3561 qucum
626 3490 689 3545 leurs
702 3492 730 3545 ia
743 3497 797 3547 iata
813 3491 929 3546 Marsus
940 3490 1116 3547 Amazonicis.

407 3572 449 3628 At
466 3570 544 3629 enim
559 3571 653 3643 hunc,
670 3579 704 3630 ut
718 3573 761 3630 ait
773 3572 1000 3649 grammaticus,
1012 3573 1111 3628 editam
1127 3572 1224 3627 libram
1239 3586 1300 3626 coa·

324 3659 395 3711 tiuao
407 3659 507 3711 mirari
520 3664 546 3712 et
559 3657 681 3727 diripere
692 3657 812 3714 domines
823 3663 984 3728 coeperunt,
1000 3653 1127 3731 ejusque
1143 3650 1234 3712 studii
1248 3671 1304 3731 per

324 3738 424 3795 omnia
446 3736 590 3816 deinceps
605 3739 729 3797 saecula
743 3739 905 3818 propagati
919 3738 1004 3798 nobis
1020 3755 1142 3817 quoque
1162 3743 1256 3796 test-es
1274 3741 1305 3793 et

325 3818 445 3880 codices
453 3829 500 3878 sat
511 3820 596 3880 multi
604 3822 782 3904 antiquique
797 3832 828 3882 et
843 3820 968 3881 Scholia
980 3827 1150 3899 supersunt,
1160 3837 1238 3900 quae
1247 3817 1304 3878 etsi
