3434 4575
670 460 715 521 M.
734 458 827 521 VAL.
842 457 1068 520 MARTIALIS

431 613 577 672 I'rofinus
592 617 644 670 aut
656 609 755 671 Marsi
769 613 884 672 recitas
899 618 951 671 aut
965 614 1080 694 scripta
1096 611 1224 678 catulli.

474 697 543 756 Hoc
557 695 632 754 mihi
649 693 720 772 das,
741 702 887 775 tanquam
902 695 1060 756 deteriora
1073 696 1177 776 legas,

410 780 476 842 out
491 778 603 840 collata
615 779 711 856 magis
723 781 868 860 placeant
882 781 973 839 meai
1003 780 1167 843 Credimus
1185 781 1288 844 istud:

473 863 560 925 Malo
573 869 677 923 tamen
689 865 822 941 recites,
842 862 1035 943 caeciliane,
1056 872 1118 929 tua.

811 992 931 1053 LXXII.

432 1105 589 1165 Hesterna
602 1103 719 1165 factum
733 1109 894 1181 narratur,
915 1103 1079 1180 Postume,
1102 1120 1179 1163 ceno

474 1187 565 1263 Quod
578 1186 697 1248 nollem
715 1222 750 1231 —
768 1189 837 1267 qula
851 1188 935 1247 enim
953 1184 1028 1246 talia
1042 1187 1124 1246 facta
1137 1186 1280 1267 probet?
1293 1217 1334 1231 -

433 1271 476 1332 0s
490 1273 548 1331 tibi
562 1272 718 1351 percisum
734 1277 848 1351 quanto
866 1290 929 1332 non
942 1271 1011 1351 ipsc
1024 1269 1153 1330 Latinus

473 1353 557 1418 Vllia
570 1352 732 1415 Panniculi
745 1356 884 1434 percutit
898 1373 952 1414 ora
967 1373 1059 1414 sono:

410 1437 586 1516 §Quodque
601 1440 697 1516 magis
710 1440 821 1499 mirum
837 1443 901 1516 est,
923 1443 1081 1499 auctorem
1093 1437 1232 1499 criminis
1246 1438 1336 1498 huius

475 1521 645 1582 Caecllium
660 1528 726 1582 tota
740 1541 845 1581 rumor
859 1523 893 1582 in
909 1523 987 1582 urbe
1001 1525 1099 1583 sonat.

431 1605 510 1667 Esse
525 1623 618 1686 negas
632 1606 762 1666 facturn:
783 1607 829 1666 vis
843 1607 903 1665 lroc
917 1623 965 1665 me
982 1604 1137 1665 credere?
1158 1602 1266 1668 credoss

475 1688 573 1769 Quid,
596 1687 679 1769 quod
691 1691 787 1751 habet
801 1689 1101 1773 testes„1’ostume,
1124 1687 1304 1750 Caecilius?

803 1822 937 1884 LXXIII.

432 1937 514 2016 Quid
528 1938 621 1999 saciat
635 1939 701 1999 vult
715 1941 796 2001 scire
811 1940 920 2019 Lyris:
942 1936 1024 2017 quod
1038 1938 1157 2000 sobria:
1178 1935 1282 2001 fellat.

802 2072 939 2135 LXXIV.

434 2185 578 2246 Cinctum
589 2185 702 2261 togatis
717 2190 789 2263 post
805 2190 838 2243 et
851 2190 924 2244 ante
937 2184 1095 2245 Saufeium
1185 2212 1190 2218 ·

434 2268 554 2346 Quanta
564 2265 673 2327 reduci
686 2266 822 2346 Regulus
838 2268 920 2329 solet
931 2270 1038 2347 turba,

432 2350 483 2412 Ad
496 2352 557 2411 alta
570 2357 693 2417 tonsum
706 2351 824 2432 templa
837 2372 905 2412 cum
919 2372 1006 2412 reum
1021 2353 1120 2431 misit,

431 2436 595 2513 Materne,
618 2436 743 2496 cernis?
763 2434 904 2496 invidere
918 2435 1026 2501 nolito.

412 2521 606 2581 500mitatus
619 2520 680 2579 istc
695 2521 736 2579 sit
749 2539 864 2600 precor
878 2525 948 2579 tuus
962 2538 1125 2598 nunquam.

432 2604 498 2663 llos
513 2600 563 2663 illi
577 2606 690 2664 amicos
704 2610 737 2663 et
752 2622 864 2683 greges
879 2608 1053 2681 togatorum

432 2686 632 2748 Fuficulenus
645 2694 785 2769 praestat
801 2694 833 2747 ct
846 2687 1045 2779 Faventinus.

786 2797 936 2883 'cxxv.

432 2932 576 2993 Verbera
589 2934 692 2992 securi
708 2932 817 2993 solitus
829 2932 882 2993 leo
896 2933 984 2993 ferre
998 2930 1136 3011 magistri

475 3015 688 3093 Insertamque
701 3018 767 3095 pati
779 3015 910 3076 blandus
924 3018 958 3075 in
972 3036 1027 3076 ora
1043 3033 1164 3074 manum

433 3097 592 3157 Dedidicit
605 3117 712 3177 pacem
727 3100 829 3158 subito
844 3099 972 3159 feritate
991 3116 1135 3175 reversa,

476 3181 595 3256 Quanta
611 3199 670 3240 nec
683 3183 717 3241 iu
729 3181 855 3260 Libycis
872 3181 980 3241 debuit
994 3200 1063 3241 esse
1077 3182 1167 3259 iugis.

411 3262 511 3325 tNam
527 3263 586 3323 duo
604 3262 643 3323 de
661 3270 770 3324 tenera
782 3262 916 3344 puerilia
931 3284 1062 3345 corpora
1075 3266 1183 3342 turba,

476 3347 678 3427 Sanguineam
692 3350 801 3410 rastris
816 3366 895 3427 quae
910 3351 1077 3409 renovabat
1089 3349 1231 3426 humum,

433 3430 549 3492 Sacros
563 3439 597 3492 et
610 3430 720 3493 infcIIx
732 3429 839 3492 furiali
858 3431 954 3493 dente
968 3434 1116 3513 peremit:

474 3516 589 3575 Martia
603 3535 666 3575 non
679 3516 759 3577 vidit
771 3517 868 3575 maius
884 3518 1000 3577 harena
1014 3517 1112 3577 nefas.

432 3597 614 3660 Exclamare
627 3598 723 3660 libet:
744 3598 921 3679 „crudclis,
942 3600 1079 3680 perfide,
1101 3598 1236 3680 praedo,

395 3691 426 3742 lo
474 3682 503 3741 A
519 3689 628 3744 nostra
640 3686 747 3765 pueris
760 3702 892 3765 parcere
908 3683 993 3745 disce
1009 3683 1121 3765 lupa!‘⁴
