3434 4575
430 518 469 583 54
754 528 790 581 u.
814 528 886 581 rou.
910 524 1095 580 uouendum

429 673 494 736 Non
516 691 592 754 quae
613 682 738 735 ventoso
762 675 905 735 conducta
925 674 978 734 sub
999 689 1111 751 aggere
1130 670 1213 731 terit.

431 760 492 820 Vos
514 757 655 835 humiles,
678 759 789 837 inquis,
812 759 891 837 vulgi
915 778 983 838 pars
1006 757 1102 818 ultima
1125 757 1226 834 nostri,

431 843 558 919 Quorum
580 860 665 903 nemo
688 853 774 922 queat
798 846 919 922 patrium
941 852 1103 903 monstrare
1128 843 1270 921 parentis.
1390 846 1422 906 46

430 928 484 988 Ast
507 945 564 1005 ego
587 925 782 1005 Cecropides!
793 965 826 974 -
841 929 931 988 Vives
945 938 974 987 et
989 929 1109 1006 originis
1124 925 1208 987 buius

432 1013 539 1072 Gaudia
558 1013 645 1092 longa
665 1013 759 1072 lenas:
785 1022 879 1072 tamen
901 1014 956 1072 ima
979 1011 1067 1090 plebe
1089 1008 1229 1083 Quiritem

431 1096 593 1157 Facundum
615 1097 763 1165 invenies;
787 1094 863 1156 solet
886 1096 933 1158 hic
956 1095 1118 1156 defendere
1143 1113 1245 1154 causas

431 1181 544 1240 Nobilis
565 1181 688 1244 indocti:
713 1182 791 1240 venit
811 1189 841 1240 et
862 1181 900 1241 de
923 1179 1013 1261 plebe
1036 1188 1146 1257 togata,

431 1264 486 1339 Qui
504 1266 573 1324 iuris
595 1266 689 1324 nodos
710 1274 740 1324 et
761 1265 858 1342 legum
881 1266 1042 1343 aenigmata
1065 1264 1168 1324 solvat.
1391 1275 1423 1329 so

431 1348 483 1410 llic
507 1351 579 1428 petit
598 1348 795 1427 Euphraten
787 1351 900 1409 ruvenis
921 1349 1079 1429 domitique
1102 1346 1202 1408 Batavi

431 1430 577 1494 Custodes
599 1433 729 1514 aquilas,
752 1435 839 1493 armis
863 1434 1032 1494 industrius:
1052 1443 1081 1492 at
1103 1441 1131 1491 tu

430 1515 476 1578 Nil
500 1518 554 1577 nisi
575 1515 759 1596 Cecropides
773 1526 943 1619 ‘truncoque
967 1517 1127 1578 simillimus
1150 1515 1302 1576 Hermae
1296 1506 1361 1589 5

431 1601 518 1662 Nullo
541 1603 651 1682 quippe
672 1601 730 1662 alio
752 1603 844 1662 vincis
868 1602 1050 1679 discrimine,
1074 1601 1257 1681 quamquod
1326 1652 1332 1667 „

431 1686 475 1746 llli
497 1702 687 1747 marmoreum
712 1697 797 1765 caput
821 1697 883 1763 est,
906 1696 954 1747 tua
976 1686 1047 1747 vivit
1068 1688 1174 1762 imago
1390 1699 1424 1753 ns

430 1771 485 1832 llic
507 1770 590 1846 mihi,
615 1771 794 1832 Teucrorum
816 1772 935 1850 proles,
956 1771 1086 1831 animalia
1108 1779 1183 1829 muta

432 1856 503 1929 Quis
520 1872 669 1935 generose
692 1865 790 1936 putet,
811 1858 866 1917 nisi
886 1852 994 1916 fortia?
1014 1873 1118 1937 nempe
1142 1839 1291 1914 volucrem
1355 1888 1422 1937 ῃ,
1452 1872 1462 1921 ¹,

431 1941 481 2000 Sic
500 1940 648 2001 laudamus
668 1959 792 2021 equum,
815 1941 895 2002 facili
918 1941 964 2002 cui
985 1940 1106 2021 plurima
1129 1937 1222 2018 palma
1381 1938 1404 1945 ‘⁴

430 2023 540 2085 Fervet
563 2034 592 2086 et
614 2025 739 2087 exsultat
760 2043 849 2086 rauco
870 2026 992 2085 victorie
1017 2026 1107 2084 circo.

431 2108 545 2170 Nobilis
567 2109 630 2185 hie,
653 2127 837 2190 quocumque
858 2110 938 2170 veuit
959 2109 996 2170 de
1017 2109 1158 2187 gramine,
1182 2108 1263 2167 cuius
1391 2118 1426 2173 σο

432 2191 519 2254 Clara
541 2193 610 2272 luga
632 2204 698 2254 aute
719 2194 793 2254 alios
815 2204 844 2255 et
867 2195 975 2272 primus
997 2195 1026 2253 iu
1048 2209 1179 2271 aequore
1202 2190 1313 2270 pulvis;

432 2277 491 2341 Sed
509 2277 614 2339 venale
636 2297 727 2358 pecus
750 2274 919 2358 Coryphaei
943 2278 1100 2358 posteritas
1121 2286 1150 2338 et

432 2363 560 2443 Hirpini,
583 2364 608 2422 si
629 2381 695 2423 rara
717 2364 785 2442 iugo
808 2365 932 2424 victoria
955 2364 1039 2424 sedit.

433 2447 477 2508 Nil
500 2447 540 2507 ibi
561 2448 699 2508 maiorum
722 2458 894 2528 respectus,
918 2449 1011 2527 gratie
1034 2448 1110 2508 nulla

433 2531 620 2605 Umbrarum3
644 2532 777 2592 dominos
799 2534 902 2612 pretiis
923 2542 1034 2593 mutare
1051 2531 1185 2592 iubentur
1393 2540 1426 2593 65

434 2615 555 2694 Exiguis
579 2618 646 2695 trito
670 2626 699 2677 et
721 2617 828 2678 ducunt
850 2618 983 2698 epiredia
1007 2616 1085 2678 collo

434 2699 620 2779 Segnipedes
642 2702 780 2781 dignique
801 2702 907 2764 molam
928 2720 1051 2764 versare
1073 2711 1206 2781 nepotes
1434 2755 1437 2760 .

435 2784 532 2864 Ergo,
555 2794 585 2845 ut
608 2787 743 2847 miremur
764 2797 810 2864 te,
834 2805 892 2847 non
914 2796 979 2865 tua,
1001 2805 1112 2867 prunum
1131 2782 1239 2864 aliquid
1261 2777 1365 2859 da,l
1366 2805 1421 2866 57,

434 2868 520 2943 Quod
541 2872 651 2948 possim
675 2871 764 2931 titulis
786 2873 917 2934 incidere
940 2881 1059 2951 praeter
1081 2872 1221 2943 honores,
1342 2873 1392 2946 ,Γ

434 2953 515 3028 Quos
537 2953 596 3014 illis
618 2954 718 3015 damus
741 2974 776 3016 ac
798 2958 946 3034 dedimus,
970 2955 1074 3037 quibus
1098 2954 1193 3015 omniu
1215 2950 1317 3012 debes
1336 2951 1376 3022 N
1394 2959 1428 3015 70

475 3038 557 3100 llaec
575 3040 645 3099 satis
665 3040 729 3100 ad
721 3059 855 3102 iuvenem
863 3059 981 3121 ,quem
1004 3040 1088 3103 uobis
1103 3038 1179 3100 lama
1202 3036 1359 3115 superbum

435 3121 534 3184 Tradit
556 3133 585 3183 et
608 3123 733 3184 inllatum
756 3125 930 3207 plenumque
953 3124 1071 3186 Nerone
1094 3124 1268 3204 propinquo.

436 3208 528 3270 Rarus
549 3209 624 3269 euim
647 3208 740 3270 lerme
762 3229 866 3271 sensus
887 3211 1044 3270 communis
1067 3210 1094 3268 in
1116 3208 1164 3269 ille

435 3292 576 3362 Fortuna;
595 3293 648 3353 sed
668 3301 698 3352 te
722 3296 838 3355 censeri
859 3295 946 3356 laude
969 3306 1093 3370 tuorum,

436 3377 571 3454 Pontice,
596 3376 739 3438 noluerim
762 3379 805 3439 sic
827 3387 858 3439 ut
878 3378 948 3439 nihil
971 3380 1036 3458 ipse
1059 3378 1171 3438 futurae
1395 3381 1428 3439 to

436 3461 539 3523 Laudis
563 3480 645 3540 ogas.
690 3461 827 3524 Miserum
849 3472 895 3523 est
920 3463 1041 3524 aliorum
1062 3460 1230 3522 incumbere
1255 3461 1359 3530 loturae,

436 3544 479 3606 Ne
503 3545 634 3626 collapsa
658 3557 740 3608 ruant
761 3546 913 3609 subductis
934 3556 1012 3608 tecta
1035 3546 1186 3606 columnis.

436 3631 549 3691 Stratus
570 3629 647 3691 humi
670 3632 783 3709 palmes
802 3632 905 3692 viduas
926 3631 1075 3691 desiderat
1093 3629 1195 3689 ulmus.

438 3712 507 3773 listo
530 3714 623 3775 bonus
645 3718 739 3792 miles,
763 3726 841 3777 tutor
862 3716 973 3792 bonus,
996 3715 1106 3776 arbiter
1127 3714 1201 3774 idem

437 3796 572 3876 lnteger:
593 3799 747 3879 ambiguae
770 3804 795 3861 si
818 3801 934 3879 quando
958 3799 1089 3861 citabere
1112 3802 1196 3857 testis
1395 3801 1431 3855 sap
