3434 4575
398 429 442 497 η
724 396 1120 491 suvannnnrmms

487 585 539 647 Sic
552 584 756 664 interpositus
769 580 844 642 villo
861 582 1048 641 contaminat
1061 587 1155 640 uncto

463 671 603 733 tUrbica
616 666 803 746 Lingonicus
819 666 1026 744 Tyrianthina
1039 664 1297 748 bardocucullum,

397 809 405 819 ,
485 754 538 814 Sic
552 753 718 813 Arretinae
733 751 849 811 violant
864 748 1042 829 crystallina
1055 756 1173 827 testae,

487 838 539 898 Sic
558 838 648 915 niger
664 836 698 896 in
713 837 791 915 ripis
807 840 894 894 errat
908 853 976 893 cum
992 833 1075 893 forte
1091 833 1232 912 Caystri,

486 923 571 982 luter
586 919 729 982 Ledaeos
743 918 865 978 ridetur
880 936 988 977 corvus
1003 914 1123 993 olores,

438 1054 449 1063 ,
485 1005 538 1066 Sic
552 1006 605 1064 ubi
620 1002 785 1063 multisona
798 1003 901 1061 fervet
915 1019 1003 1061 sacer
1019 1000 1148 1061 Atthide
1162 999 1269 1081 lucus,

442 1090 625 1170 lolmproba
639 1088 806 1166 Cecropias
821 1084 954 1145 offendit
967 1086 1037 1165 pica
1051 1085 1216 1163 querellas,

483 1173 589 1234 Iudice
604 1191 666 1231 non
681 1190 757 1249 opus
772 1177 821 1229 est
834 1169 950 1229 nostris
965 1187 1023 1228 nec
1037 1168 1140 1228 iudice
1156 1168 1264 1248 libris,

484 1257 553 1318 Stat
567 1261 676 1316 contra
691 1254 829 1332 dicitque
844 1254 903 1312 tibi
917 1258 970 1312 tua
986 1254 1098 1332 pagina
1111 1254 1197 1331 „Fur
1212 1254 1281 1315 es.“

888 1386 963 1447 LIV.

485 1501 519 1562 si
533 1500 625 1581 quid,
646 1502 763 1577 Fusae,
784 1519 872 1559 vacas
887 1499 986 1560 adhuc
1003 1503 1098 1560 amari
1112 1534 1155 1546 --

484 1585 560 1646 Nam
576 1591 647 1645 sunt
660 1585 733 1644 hinc
748 1584 822 1660 tibi,
845 1588 963 1643 suntet
976 1585 1048 1644 hinc
1064 1586 1153 1644 amici
1165 1619 1224 1663 -—,

483 1670 603 1747 Unum,
624 1670 651 1728 si
668 1675 827 1748 superest,
847 1665 951 1728 locum
964 1686 1124 1746 rogamus,

483 1753 550 1814 Nec
566 1771 632 1831 me,
655 1752 738 1832 quod
754 1753 812 1813 tibi
827 1755 884 1812 sim
899 1772 1013 1829 novus,
1035 1771 1179 1812 recuses:

462 1838 601 1899 50mnes
615 1838 676 1897 hoc
689 1843 813 1897 veteres
827 1838 874 1896 tui
887 1838 1023 1897 fuerunt.

485 1923 535 1983 Tu
550 1927 668 1981 tantuna
681 1922 802 2001 inspice
823 1923 876 2000 qui
890 1941 986 1980 novus
1001 1927 1127 1999 paratur

484 2007 534 2066 An
547 2006 647 2086 possit
660 2005 732 2065 fleri
745 2011 832 2065 vetus
850 2003 977 2064 sodalis.

891 2151 955 2213 LV.

484 2265 566 2329 Vota
579 2267 626 2325 tui
640 2264 780 2325 breviter
794 2264 881 2325 si-vis
897 2280 1084 2342 cognoscere
1102 2267 1219 2347 Marci,

528 2348 654 2409 Clarum
666 2347 813 2425 militiae,
834 2348 971 2426 Fronto,
992 2352 1146 2429 togaeque
1164 2351 1273 2431 decus,

484 2434 553 2494 Hoc
568 2434 666 2512 petit,
689 2450 759 2491 esse
776 2433 823 2491 sui
838 2450 896 2491 nec
911 2433 1013 2511 magni
1026 2436 1108 2493 ruris
1123 2443 1242 2514 arator,

527 2516 723 2595 Sordidaque
738 2516 771 2575 in
785 2516 888 2596 parvis
905 2517 967 2575 otia
982 2518 1075 2576 rebus
1091 2526 1178 2580 amat.

374 2606 376 2608 ’
463 2601 654 2679 5Quisquam
670 2601 753 2679 picta
768 2598 844 2659 colit
863 2599 1008 2680 Spartani
1025 2601 1142 2679 frigora
1158 2605 1221 2663 saxi
1254 2629 1257 2632 ·

525 2685 568 2744 Et
585 2686 767 2744 matutinum
780 2689 886 2765 portat
898 2684 1022 2765 ineptus
1036 2686 1118 2763 Are,

485 2768 544 2829 (lui
558 2767 635 2828 licet
649 2769 765 2829 exuviis
779 2770 916 2829 nemoris
931 2770 1075 2847 rurisque
1088 2771 1180 2829 beato

527 2851 610 2912 Ante
624 2852 727 2912 focum
742 2850 851 2932 plenas
867 2851 1051 2933 explicuisse
1065 2852 1171 2934 plagas

482 2936 525 2996 Et
538 2936 657 3013 piscem
669 2935 801 2996 tremula
818 2932 981 2995 salientem
997 2935 1112 2996 ducere
1126 2943 1192 2996 seta

443 3029 478 3081 10
524 3017 682 3098 Flavaque
698 3018 738 3078 de
753 3020 847 3079 rubro
863 3037 1008 3098 promere
1023 3018 1117 3080 mella
1132 3021 1231 3081 cado?

484 3103 612 3181 Pinguis
625 3100 928 3181 inaequaleaonerat
943 3105 992 3162 cui
1005 3101 1096 3165 vilica
1110 3124 1231 3165 mensas

525 3187 568 3247 Et
583 3206 637 3246 aua
650 3206 713 3246 non
727 3191 848 3265 emptus
862 3192 1027 3266 praeparat
1045 3206 1099 3249 ova
1114 3190 1214 3249 cinis?

483 3269 554 3331 Non
569 3276 652 3330 amet
665 3271 744 3331 hanc
759 3271 853 3329 vitam
867 3271 1005 3349 quisquis
1019 3289 1068 3331 me
1083 3293 1145 3333 non
1160 3282 1254 3354 amat,
1277 3283 1369 3358 opto,
1420 3326 1423 3330 .

526 3354 619 3416 Vivat
632 3361 666 3415 et
678 3355 804 3415 urbanis
820 3350 908 3413 albus
921 3355 954 3412 in
972 3353 1092 3418 officiis.

884 3490 962 3553 LVI.

485 3598 648 3660 Continuis
661 3605 770 3661 uexata
783 3600 889 3662 madet
901 3602 1056 3663 vindemia
1067 3604 1195 3663 nimbis:

523 3682 594 3743 Non
607 3691 714 3765 potes,
735 3690 770 3744 ut
784 3687 906 3765 cupias,
927 3675 1082 3766 vendere,
1106 3707 1200 3768 copo,
1223 3706 1351 3751 merum.
