3434 4575
649 494 694 556 Μ.
709 492 803 556 VAL.
818 490 1045 555 Manilius

412 651 447 711 ln
463 670 522 730 qua
535 657 599 709 tam
611 645 742 707 similem
755 643 876 706 videbis
890 645 1001 724 Issam,
1028 688 1033 700 .

370 735 456 798 201st
471 735 512 794 ait
524 739 587 792 tam
602 729 709 792 similis
723 731 855 790 albineo
869 730 945 809 ipsa.

413 819 507 878 Issam
522 816 656 896 denique
672 833 754 896 pone
769 834 837 874 cum
851 812 985 874 tabella:

413 904 476 963 Aut
490 908 650 980 utramque
663 900 786 980 putabis
802 916 871 958 esse
884 916 1006 977 veram,

413 988 477 1047 Aut
491 992 652 1066 utramque
666 983 789 1064 putabis
805 1000 874 1042 esse
887 983 1009 1062 pictam.

821 1115 886 1177 CX.

415 1234 561 1295 Scribere
577 1250 626 1291 me
643 1231 802 1310 quereris,
821 1228 941 1306 Velox,
964 1230 1183 1309 epigrammata
1195 1226 1303 1309 longa.

454 1318 524 1398 lpse
539 1314 619 1376 nihil
630 1316 755 1375 scribis:
774 1320 809 1373 tu
822 1314 966 1374 breviora
979 1313 1065 1375 facis.

415 1562 493 1624 Gum
505 1562 565 1622 tibi
582 1562 623 1622 sit
637 1561 763 1642 sophiae
777 1580 833 1640 par
848 1561 929 1620 fama
943 1566 977 1620 et
990 1580 1063 1620 cura
1076 1558 1232 1640 laborum,

456 1646 582 1725 Ingenio
597 1647 698 1726 pietas
712 1663 771 1705 nec
785 1646 886 1705 minor
899 1647 967 1725 ipsa
986 1664 1055 1704 auo:

414 1732 540 1811 Ignorat
552 1731 673 1791 meritis
691 1729 766 1790 dare
780 1748 924 1808 munera,
947 1730 999 1808 qui
1013 1728 1071 1788 tibi
1084 1725 1199 1789 librum

455 1816 498 1877 lot
513 1815 565 1894 qui
578 1816 722 1894 miratur,
744 1813 880 1894 Regulo,
899 1820 969 1873 tura
983 1811 1058 1872 dari.

800 1948 891 2009 oxu.

414 2062 492 2122 (ium
506 2067 539 2121 te
552 2081 615 2121 non
627 2080 767 2138 nossem,
786 2059 943 2132 dominum
956 2077 1124 2138 regemque
1137 2060 1300 2119 vocabamt

455 2145 544 2205 Nunc
557 2146 639 2205 hene
652 2152 685 2205 tc
701 2146 785 2204 novi:
806 2145 868 2202 iam
883 2143 958 2202 mihi
973 2144 1097 2202 Priscus
1112 2145 1184 2205 eris.

787 2255 903 2318 exul.

415 2356 625 2433 Quaecunque
639 2351 702 2413 lusi
715 2354 835 2414 iuvenis
849 2359 882 2414 et
895 2372 975 2434 puer
990 2353 1144 2434 quondam

414 2441 593 2519 Apinasque
607 2443 744 2516 nostras,
768 2457 841 2515 quas
855 2457 915 2498 nec
929 2439 997 2519 ipse
1010 2440 1071 2498 iam
1084 2440 1171 2517 novi,

414 2522 501 2584 Male
517 2520 674 2582 collocare
692 2522 719 2581 si
732 2522 828 2583 bonas
842 2520 929 2582 voles
944 2522 1037 2582 horas

413 2608 456 2667 Et
469 2604 623 2667 invidebis
638 2607 701 2665 otio
717 2611 788 2685 tuo,
809 2606 926 2684 lector,

392 2689 624 2753 §Ualeriano
638 2688 728 2750 Polio
743 2696 833 2771 petes
849 2691 981 2769 Quinto,

413 2774 476 2834 Per
492 2793 583 2853 quem
595 2775 702 2856 perire
716 2794 778 2835 non
792 2774 871 2836 licet
883 2775 960 2836 meis
974 2774 1072 2852 nugis.

797 2908 903 2972 CXIV.

412 3021 479 3081 Hos
493 3022 551 3082 tihi
565 3022 699 3102 vicinos,
716 3022 881 3102 Faushne,
904 3022 1119 3105 Telesphorus
1134 3023 1244 3083 hortos

454 3105 589 3166 Faenius
605 3112 639 3165 ct
652 3107 747 3166 breve
764 3127 818 3166 rus
832 3105 955 3186 udaque
969 3113 1058 3188 prata
1071 3114 1169 3170 tenet.

413 3187 563 3249 Condidit
576 3190 628 3249 hic
642 3196 732 3249 natae
747 3191 870 3251 cineres
884 3210 1060 3271 nomenque
1075 3187 1208 3253 sacravit'

455 3271 546 3349 Quod
557 3271 639 3352 legis
652 3272 814 3353 Antullae,
834 3273 956 3353 dignior
970 3277 1038 3355 ipse
1051 3275 1124 3355 legi.
1227 3283 1232 3292 ’

391 3355 464 3419 aad
482 3357 605 3437 Stygias
620 3376 750 3437 aequum
764 3359 869 3417 fuerat
882 3364 973 3438 pater
986 3360 1064 3419 isaei
1077 3365 1113 3419 ut
1129 3360 1269 3421 umbrosa

454 3440 545 3518 Quod
560 3442 631 3521 quia
644 3461 706 3502 non
719 3440 824 3521 licuit,
843 3443 941 3521 dvai,
959 3449 994 3503 ut
1009 3463 1077 3504 ossa
1092 3441 1182 3504 colat.

803 3553 897 3619 CXV.

413 3649 570 3726 Quaedam
583 3672 632 3714 me
647 3654 748 3735 cupit,
766 3653 871 3714 invide
885 3652 1037 3732 Procille‚

410 3732 490 3795 Loto
506 3736 666 3820 cpndidior
678 3736 784 3818 puella
799 3757 913 3823 cygno,

265 3897 373 4043 ἱ
