3434 4575
958 314 964 341 ι’
1178 342 1185 353 s
1210 314 1215 327 x
1241 318 1244 325 ν
1256 337 1265 351 χ

956 348 962 381 l
1182 356 1196 385 l·

958 396 964 429 l
1043 428 1083 471 l
1111 397 1168 445 Η,ε

997 458 1011 475 d·
1041 460 1044 465 ⁴
1122 460 1133 477 ’.Δ

1086 490 1091 502 d

706 467 917 517 nanneno.
962 432 979 567 q
1083 486 1086 491 ·

1268 468 1304 516 tx

327 631 379 688 ago.
394 625 459 670 utne
473 614 619 669 lovenalom
634 615 744 684 quidem,
766 615 850 670 heatae
861 631 936 669 venae
946 586 1140 680 addldcentem,
1158 615 1305 670 acommml

326 700 512 754 doctissimorum
533 710 561 753 et
581 699 786 754 serenissimorum
804 699 868 754 illius
885 701 970 754 aetatis
985 699 1110 754 hominum
1128 701 1166 754 vel
1183 715 1251 754 more
1267 700 1305 754 rel

325 784 488 839 exercitatione
502 783 624 847 emmam,
641 799 702 854 qnos
718 784 834 838 ludicram
853 785 937 854 poesin
954 785 1042 854 passim
1055 791 1171 838 tractasse
1187 792 1213 838 et
1226 800 1271 839 suc
1281 791 1305 836 ct

324 869 418 924 alionum
434 868 549 938 exemplo
566 867 658 921 Plinius
670 866 744 938 Epist.
758 867 794 921 lv,
813 871 845 924 ll
861 877 885 922 et
896 868 945 922 Vll.
961 871 979 922 4
996 875 1104 922 testatur.
1140 866 1205 922 ldem
1224 876 1304 923 tamen

323 967 351 1009 ne
370 952 576 1024 quemadmodum
599 951 712 1007 Martialis
731 953 754 1007 iu
780 952 851 1007 huius
872 954 967 1024 generis
991 952 1086 1006 levitate
1112 960 1303 1018 consenesceret,

322 1037 361 1092 eed
371 1046 428 1107 post
444 1038 550 1091 mediam
561 1043 628 1090 certe
638 1042 741 1090 acorem
759 1036 855 1091 altiores
865 1036 963 1107 spiritus
974 1045 1122 1105 capesseret.
1141 1043 1235 1107 praeter
1252 1038 1305 1091 uni·

322 1135 410 1176 reusam
421 1121 539 1191 temporis
552 1121 716 1183 atrocitatem,
737 1135 810 1192 quam
827 1121 988 1176 communiter
999 1135 1055 1175 cum
1067 1120 1150 1175 multis
1159 1121 1242 1183 sensit,
1255 1123 1304 1192 ipsa

322 1206 358 1261 illa
368 1205 499 1279 peculiuris
515 1205 611 1260 lurtum
623 1204 717 1266 effecit.
735 1219 796 1276 quae
811 1206 906 1260 tautum
924 1204 1001 1260 abluit
1018 1213 1059 1269 ut,
1077 1204 1141 1276 quod
1154 1203 1305 1261 Domitianus

322 1290 409 1353 voluit,
422 1289 543 1345 mordacis
556 1290 646 1360 ingenii
659 1291 756 1344 aculeos
765 1288 905 1360 hebetaret,
919 1297 947 1343 ut
956 1290 1052 1344 eosdem
1066 1305 1079 1342 a
1092 1289 1190 1344 lortuito
1201 1289 1304 1345 ludibrio

323 1375 350 1429 ad
358 1375 445 1428 seriam
457 1374 648 1445 indignationem
660 1373 805 1435 transferret.
821 1389 943 1445 quumque
955 1372 1081 1443 prohibere
1092 1390 1140 1428 uon
1154 1383 1244 1444 posset,
1256 1391 1304 1444 quc

322 1459 398 1513 minus
411 1474 447 1521 ea,
459 1458 557 1529 quaein
569 1457 629 1513 urbe
639 1465 788 1530 gererentur,
802 1473 844 1527 per
855 1459 936 1513 literas
948 1459 1079 1513 multomm
1091 1466 1115 1513 et
1124 1459 1225 1514 nuncios
1238 1474 1303 1514 eom·

321 1543 414 1612 periret,
426 1542 582 1598 nihilominus
592 1542 622 1596 ab
634 1543 753 1598 illecebris
763 1558 792 1595 ac
801 1544 907 1597 tumultu
917 1541 983 1596 urbis
995 1551 1088 1598 remoto
1100 1544 1175 1597 otium
1187 1543 1303 1613 praebuit.

323 1627 387 1681 mins
408 1625 526 1682 beneficio
538 1626 562 1680 iu
578 1642 606 1680 se
623 1628 779 1681 descenderet
790 1626 1012 1698 adolescentiaeque
1028 1627 1073 1680 sub
1090 1626 1198 1690 Nerone.
1221 1627 1302 1692 Galba,

322 1711 463 1782 Vespasiano
481 1719 549 1765 actae
570 1712 740 1780 experimentis
761 1712 864 1766 recoctis
886 1712 915 1765 ad
933 1725 987 1765 cam
1004 1726 1098 1766 momm
1116 1712 1246 1784 iudiciique
1264 1727 1304 1766 se·

323 1797 442 1850 veneten
458 1795 608 1866 perueniret,
630 1810 702 1867 quam
720 1795 811 1866 primae
827 1797 910 1849 statim
920 1795 1007 1849 satirae
1025 1810 1080 1850 cnm
1091 1796 1219 1865 splendore
1233 1803 1304 1868 atque

325 1881 428 1935 acumine
450 1879 543 1952 ingenii
563 1880 665 1952 egregie
686 1881 840 1935 coniunctam
865 1878 1003 1933 ostendunt.
1040 1879 1089 1933 llas
1107 1881 1171 1934 enim
1191 1880 1303 1935 reducem

325 1964 414 2020 demum
433 1963 464 2020 ab
481 1963 554 2018 exilio
565 1964 649 2035 primis
666 1965 704 2019 vel
715 1964 807 2019 Nervae
818 1963 855 2017 vel
867 1963 959 2018 Traiani
977 1965 1044 2018 anuis
1052 1965 1176 2034 scripsisse
1187 1972 1211 2019 et
1222 1964 1304 2020 ttoni·

324 2049 374 2104 iani
390 2066 469 2114 mors,
489 2063 560 2119 quam
577 2047 628 2104 Sat.
643 2049 744 2103 ll'extr.
762 2057 895 2114 memorat,
913 2057 937 2102 et
956 2047 1031 2103 Prisci
1048 2048 1115 2103 ilarii
1135 2049 1246 2114 exilium,
1263 2050 1303 2121 qui

323 2132 393 2189 Plinio
404 2139 547 2188 accusatore
556 2147 579 2186 a.
595 2138 645 2190 100
655 2147 681 2202 p.
693 2133 750 2188 Chr.
763 2134 937 2188 condemnatus
948 2143 993 2196 est,
1009 2133 1140 2188 clarissime
1152 2133 1251 2204 probat:
1263 2149 1302 2188 ea·

321 2217 417 2273 medem
439 2226 520 2272 tamen
543 2218 666 2271 materiam
687 2218 738 2272 lore
759 2226 877 2272 maturam
901 2217 931 2271 ab
949 2219 989 2272 illo
1007 2218 1105 2273 domum
1129 2219 1227 2273 relatam
1250 2234 1302 2273 esse

319 2302 355 2357 rel
372 2302 428 2358 inde
442 2303 557 2373 colligas.
576 2302 640 2373 quod
652 2303 703 2373 ipsc
713 2301 787 2357 Sati
805 2314 867 2358 extr.
880 2320 906 2357 se
922 2317 1006 2358 eorum
1023 2304 1175 2373 potissimum
1187 2306 1303 2374 exemplis

321 2403 416 2442 usurum
427 2402 481 2441 esse
490 2386 629 2457 profitetur,
641 2402 744 2458 quorum
754 2389 817 2442 cirris
827 2386 949 2444 limnireio
967 2398 989 2443 et
1001 2387 1092 2443 Latine
1106 2396 1212 2461 tepotrm
1224 2389 1303 2443 scitis·

320 2471 425 2543 sineque
435 2470 571 2543 ldadvigius
582 2468 672 2541 Opusc.
692 2471 759 2529 acad.
776 2473 844 2528 alter.
857 2489 881 2543 p.
895 2478 946 2529 1⁸5
963 2472 996 2527 ita
1015 2474 1156 2544 plemmque
1167 2472 1302 2528 iuvenalem

321 2557 342 2609 iu
359 2556 417 2611 vitia
435 2556 514 2610 inuehi
537 2555 716 2617 animadvertit.
736 2565 761 2611 et
784 2575 813 2611 eo
829 2556 915 2631 qdbrre
931 2558 985 2629 ipse
1000 2558 1134 2612 recitaverit
1150 2566 1256 2630 tempore
1273 2558 1303 2613 ab

320 2640 492 2712 windbret.
512 2657 544 2694 ce
558 2640 644 2714 quiores
657 2641 767 2695 vitionou
782 2642 890 2713 campulo
906 2651 997 2703 mouet.
1019 2659 1069 2696 noo
1079 2642 1205 2713 didqetto
1214 2643 1302 2698 dietin-

320 2732 374 2796 quot
390 2742 421 2779 oc
436 2742 509 2797 coepe
524 2742 551 2779 ec
567 2725 595 2779 t'rt
609 2725 668 2779 itaer
679 2726 811 2797 mamserot
821 2724 940 2781 rathma
954 2725 1048 2799 fiputro.
1066 2728 1179 2800 quereiam
1189 2728 1302 2784 oneroso

317 2809 432 2873 lomim,
452 2809 782 2881 inmroccerplcemirtem.
794 2811 927 2865 ndomm
938 2811 1005 2866 Wcm
1016 2818 1115 2866 odotem
1124 2814 1257 2884 pertinent:
1269 2814 1301 2869 cl.

319 2894 387 2949 ctiam
399 2892 528 2948 Paldamus
542 2893 566 2947 iu
580 2893 682 2964 Ephem.
695 2896 791 2965 Antiqu.
801 2896 867 2952 stud.
883 2899 963 2958 1843.
976 2913 998 2965 p.
1014 2899 1094 2956 1031:
1112 2912 1173 2967 quae
1183 2914 1257 2969 quum
1270 2900 1302 2953 ita

319 2977 376 3038 dut.
390 2977 493 3033 dubitari
505 2979 546 3032 vix
558 2993 631 3048 posse
646 2978 753 3044 videtur,
771 2980 828 3050 qrrin
839 2980 930 3051 primos
946 2989 998 3035 tres
1014 2982 1140 3036 satiramm
1158 2982 1232 3037 libros
1244 2998 1302 3053 pau·

319 3077 400 3116 corum
419 3077 536 3117 annorum
556 3064 648 3132 spatio,
667 3072 795 3134 postquam
816 3065 906 3135 patriae
923 3065 1030 3120 redditus
1053 3074 1104 3133 est,
1124 3068 1301 3138 coruscripserit,

320 3161 428 3218 novoque
445 3145 493 3202 luce
504 3147 673 3202 recitationum
685 3163 776 3220 genere
794 3149 930 3221 aequalium
942 3150 1033 3205 animos
1044 3150 1191 3207 demulserit.
1219 3151 1302 3223 Neque

319 3232 426 3301 protecto
434 3232 479 3287 alia
486 3239 554 3287 aetas
564 3230 621 3286 hnic
631 3233 731 3305 negotio
743 3234 821 3303 aptior
831 3241 895 3299 erat,
908 3250 979 3305 quam
992 3234 1084 3289 Nervae
1095 3235 1237 3307 Traianique
1254 3237 1302 3307 pri·

317 3316 415 3380 mordia‚
426 3317 515 3389 quibus
527 3316 638 3372 durutma
652 3317 746 3372 silentia
757 3319 824 3389 quasi
835 3317 906 3373 obice
917 3318 1012 3374 sublato
1023 3321 1101 3375 soluta
1113 3334 1166 3374 esse
1176 3320 1214 3375 vel
1226 3320 1302 3376 Taciti

317 3401 427 3473 Agricola
446 3400 519 3456 docet
535 3401 697 3472 paulatimque
717 3402 873 3458 redeuntibus
889 3404 975 3458 animis
985 3419 1016 3458 ue
1031 3405 1183 3458 acerbissima
1204 3405 1301 3475 quidem

317 3486 427 3540 viliorum
438 3484 592 3557 reprehensio
604 3485 731 3540 offensioni
742 3493 808 3553 erat,
827 3488 882 3558 quia
900 3488 979 3543 iuliae
990 3503 1085 3560 quoque
1097 3503 1174 3543 raram
1185 3492 1301 3559 temporis

319 3569 457 3625 felicitatem
475 3573 610 3642 agnoscere
626 3570 671 3624 sibi
684 3569 839 3635 ridebantur,
858 3587 904 3643 qua
922 3573 1012 3627 sentire
1022 3572 1085 3643 quod
1103 3572 1176 3628 velles
1189 3576 1300 3646 quodque

316 3656 415 3710 sentires
426 3654 507 3709 dicere
516 3653 614 3716 lireret;
625 3654 671 3709 lrac
681 3656 757 3726 igitur
767 3662 923 3726 tempestate,
941 3672 1016 3728 quum
1028 3655 1067 3711 alii
1081 3656 1160 3711 exitus
1171 3658 1299 3715 illustrium

316 3739 418 3794 nrornn
433 3738 508 3807 (Plin.
520 3736 597 3809 Epist.
608 3737 670 3794 lllll.
684 3743 725 3795 le.
737 3740 768 3805 4)
784 3739 859 3795 literis
870 3739 1023 3806 mandarent,
1035 3740 1075 3795 alii
1087 3756 1143 3796 oum
1154 3742 1240 3812 prioris
1249 3758 1298 3798 ser-

317 3827 395 3880 u'tntrs
406 3822 524 3878 memoria
539 3824 701 3894 praeserrtium
718 3822 837 3878 bonomm
855 3824 1021 3879 testimonium
1032 3835 1220 3896 componerent,
1231 3828 1297 3883 lure
