3434 4575
597 488 936 550 EPIGRAMMATON
948 489 1022 549 LIB.
1037 489 1074 550 x.
1300 489 1363 557 24⁷

361 643 467 708 lONec
488 660 566 721 quae
581 639 708 720 paludes
725 639 858 700 delicata
872 640 1051 720 Pomptinas

403 728 450 787 Er
464 744 535 785 arce
552 723 623 784 clivi
638 729 758 804 spectat
766 744 827 795 ,uva
842 724 951 783 Setini.

404 809 484 888 Quid
499 810 711 889 concupiscam
726 809 848 886 quaeris
865 807 962 886 ergo‘.l
984 806 1129 871 dormire.

401 1020 491 1080 Milia
504 1020 613 1097 vIginti
628 918 949 1097 quondamlidlrxtlalla
963 1019 1106 1097 poposcit

443 1104 502 1180 Et,
521 1103 638 1178 fateor,
659 1120 766 1179 magno
781 1120 843 1160 non
858 1106 926 1159 erat
940 1098 994 1160 illa
1007 1101 1107 1162 nimis,

402 1189 510 1246 Annus
525 1187 602 1245 ubit:
625 1185 699 1262 „Bis
715 1186 806 1261 quina
822 1183 908 1244 dabis
924 1185 1108 1263 sestertiu,“
1124 1184 1210 1249 dixit.

445 1271 580 1329 Poscere
593 1267 665 1348 plus
678 1269 742 1328 visa
757 1274 805 1328 est
821 1288 910 1346 quam
925 1269 1011 1348 prius
1025 1266 1080 1329 illa
1095 1270 1178 1328 mihi.

376 1355 463 1414 olam
479 1351 538 1412 duo
555 1353 696 1432 poscenti
710 1358 782 1431 post
796 1356 915 1412 sextum
933 1350 1015 1411 milia
1029 1370 1166 1412 mensem

443 1435 534 1496 Mflle
550 1435 656 1495 dabam
672 1455 819 1496 nummos.
849 1434 958 1495 Noluit
972 1437 1123 1516 accipere.

402 1520 606 1580 Transierunt
620 1520 710 1578 binae
724 1520 831 1579 forsan
849 1520 988 1579 trinaeve
1002 1518 1176 1599 Kalendae,

443 1603 595 1664 Aureolos
611 1601 693 1662 ultro
711 1609 855 1682 quattuor
869 1603 936 1682 ipsa
950 1604 1038 1682 petit.

399 1687 469 1746 Non
483 1686 632 1747 dedimus.
664 1687 794 1747 Centum
809 1686 900 1745 iussit
913 1704 962 1745 me
977 1689 1103 1746 mittere
1118 1706 1276 1760 nummos;

366 1779 400 1831 10
449 1770 511 1830 Sed
525 1772 589 1830 risa
604 1776 654 1830 est
669 1771 759 1829 nobis
772 1771 851 1828 haec
867 1787 989 1847 quoque
1004 1789 1120 1829 summa
1134 1773 1244 1848 gravis.

403 1853 546 1934 Sportula
558 1874 615 1914 nos
629 1854 728 1913 iunxit
741 1851 962 1931 quadrantibus
978 1852 1063 1912 arida
1078 1859 1218 1929 centum;

443 1938 530 1997 Hanc
544 1938 655 1998 voluit:
675 1954 773 2015 puero
791 1934 921 1994 diximus
936 1953 1005 1994 esse
1020 1935 1130 1999 datam.

399 2021 531 2082 inferius
545 2019 696 2099 numquid
710 2020 813 2099 potuit
827 2017 1044 2079 descendere?
1065 2021 1151 2086 fecit.

442 2105 501 2166 Dat
515 2107 626 2184 gratis,
646 2102 729 2163 ultro
748 2102 800 2163 dot
815 2103 891 2162 mihi
906 2100 1010 2162 Gella:
1033 2122 1122 2184 nego.

773 2213 908 2275 LXXVI.

398 2315 484 2391 Hoc,
505 2316 659 2392 Fortuna,
679 2316 736 2374 tibi
751 2314 875 2374 ridetur
891 2315 1046 2394 aequum?

400 2398 482 2455 Ciuis
496 2415 560 2455 non
574 2398 720 2474 Syriaeve
733 2398 935 2474 Parthiaeve,

400 2479 466 2538 Nec
484 2478 523 2538 de
537 2478 729 2558 Cappadocis
746 2498 841 2558 eques
858 2483 997 2559 catastis,

401 2561 465 2621 Sed
480 2562 519 2622 de
533 2560 628 2643 plebe
642 2564 731 2623 Remi
747 2564 925 2642 Numaeque
938 2584 1050 2644 verna,

377 2645 568 2725 blucundus,
588 2648 717 2726 probus,
739 2648 889 2708 innocens
905 2650 1034 2727 amicus,

398 2730 516 2809 Lingua
531 2730 640 2791 doctus
655 2736 801 2810 utraque,
824 2733 910 2792 cuius
925 2752 1018 2792 unum
1033 2739 1096 2812 est,

400 2814 463 2873 Sed
477 2834 616 2895 magnum
630 2817 752 2895 vitium,
774 2816 857 2895 quod
872 2823 921 2875 cst
936 2823 1046 2896 poeta,

398 2897 486 2958 I’nllo
502 2900 641 2960 Maevius
659 2898 743 2979 alget
757 2901 789 2959 in
805 2898 937 2977 cucullo,

400 2981 500 3043 Cocco
517 2982 612 3043 mulio
627 2981 728 3062 fulget
743 2985 899 3044 Incitatus.
964 3023 966 3027 =

398 3177 535 3255 Nequius
550 3198 567 3236 a
582 3180 663 3239 Caro
679 3176 759 3237 nihil
773 3196 924 3257 unquam,
946 3176 1095 3255 Maxime,
1117 3179 1232 3239 tactum
1250 3184 1314 3255 est,

439 3261 536 3336 Quam
552 3261 636 3339 quod
648 3263 739 3322 febre
755 3261 857 3343 perit:
879 3262 957 3322 fecit
971 3266 1004 3320 et
1016 3260 1072 3320 illa
1086 3261 1183 3322 nefas.

398 3344 495 3403 Saeva
509 3363 625 3406 nocens
639 3345 738 3405 febris
756 3344 867 3405 saltem
883 3349 1031 3424 quartana
1047 3344 1172 3405 fuisset!

440 3427 564 3486 Servari
579 3427 699 3489 medico
715 3427 823 3488 debuit
838 3427 894 3488 ille
909 3446 974 3486 suo.

754 3541 917 3603 LXXVIII.

398 3637 460 3695 Ibis
473 3635 620 3716 litoreas,
641 3638 765 3717 Macer,
784 3639 929 3717 Salonas,

397 3721 457 3780 Ibit
472 3741 543 3781 rara
556 3720 635 3781 fides
651 3742 796 3803 amorque
811 3725 893 3784 recti
