3434 4575
590 480 930 541 EPIGRAMMATON
944 480 1017 543 LlB.
1034 480 1098 542 ΧΠ.
1304 481 1369 545 299

369 634 525 698 luScribit
539 635 687 710 carmina,
706 651 784 712 quae
799 631 909 711 legunt
924 638 1073 693 cocantes.

408 719 509 778 Frons
524 717 601 775 haec
615 718 757 794 stigmate
773 736 834 775 non
849 735 919 775 meo
935 716 1069 775 notanda
1083 723 1141 780 est.

409 929 538 1006 Antiqui
553 945 609 986 rex
622 945 731 1005 magne
745 927 810 1007 poli
825 925 992 1005 mundique
1007 927 1136 1006 prioris,

450 1011 512 1070 Sub
531 1030 590 1090 quo
604 1013 693 1089 pigra
707 1013 794 1089 quies
807 1029 867 1070 nec
882 1010 970 1071 labor
985 1009 1067 1070 ullus
1081 1017 1164 1086 erat,

405 1095 471 1155 Nec
485 1094 590 1173 regale
605 1095 695 1153 nimis
711 1093 829 1154 fulmen
843 1113 902 1155 nec
917 1093 1045 1153 fulmine
1061 1092 1162 1171 digni,

449 1178 552 1238 Scissa
565 1196 624 1236 nec
639 1176 677 1239 ad
691 1178 818 1255 Manes,
840 1178 897 1238 sed
912 1180 972 1238 sibi
987 1178 1072 1238 dives
1086 1178 1211 1237 humus:
1284 1232 1295 1251 κ

387 1261 523 1322 oLaetus
539 1260 578 1320 ad
592 1262 669 1321 haec
683 1260 847 1340 facilisque
861 1264 932 1322 veni
947 1259 1109 1322 sollemnia
1123 1260 1224 1319 Prisci

450 1343 584 1405 Gaudia:
607 1364 675 1404 cum
690 1347 834 1405 sacriste
850 1344 943 1406 decet
957 1364 1026 1406 esse
1041 1346 1113 1405 tuis.

406 1430 456 1489 Tu
471 1427 618 1487 reducem
632 1430 750 1508 patriae
765 1436 865 1506 sexta,
887 1435 977 1508 pater
992 1431 1124 1509 optime,
1147 1429 1254 1487 bruma

366 1584 368 1586 g
448 1512 573 1570 Pacifici
585 1511 674 1570 Latia
687 1511 794 1571 reddis
809 1514 846 1571 ab
861 1515 938 1572 urbe
954 1512 1079 1573 Numae.

405 1596 533 1671 Cernis,
555 1601 590 1654 ut
605 1596 740 1654 Ausonio
755 1595 864 1655 similis
878 1597 935 1655 tibi
949 1616 1060 1676 pompa
1074 1594 1205 1654 macello

364 1692 397 1742 10
445 1678 585 1738 Pendeat
599 1686 633 1737 et
647 1685 778 1756 qnantns
795 1678 969 1739 luxurietur
983 1680 1103 1740 honos?

407 1763 503 1837 Quam
516 1780 578 1820 non
594 1781 687 1841 parca
704 1781 809 1821 manns
823 1761 991 1841 largaeque
1005 1765 1186 1822 nomismata
1200 1780 1340 1835 mensae,

447 1846 548 1921 Quae,
570 1844 721 1922 Saturne,
742 1847 802 1905 tibi
816 1852 1078 1925 pernumerentur
1093 1846 1190 1925 opes?

405 1930 509 2007 thue
524 1929 566 1987 sit
578 1929 628 1988 his
642 1931 777 2008 pretium
792 1930 912 1988 meritis
928 1937 961 1988 et
976 1932 1074 2007 gratia
1088 1930 1200 2006 maior,

445 2013 487 2071 ut
499 2017 590 2091 pater
605 2019 638 2072 et
652 2013 735 2091 frugi
749 2014 793 2073 sic
809 2019 861 2072 tua
879 2032 966 2073 sacra
981 2013 1062 2074 colit.
1161 2083 1164 2089 Ι

363 2099 443 2158 rant
458 2102 491 2156 tu
506 2101 611 2155 sancte
625 2103 678 2157 tuo
693 2099 738 2157 sio
751 2115 876 2176 semper
891 2115 995 2157 amere
1009 2098 1189 2173 Decembri,

444 2180 511 2239 Hos
524 2178 574 2239 illi
586 2180 693 2240 iubeas
708 2199 801 2261 saepe
816 2179 923 2241 redire
937 2180 1013 2242 dies.

788 2315 892 2379 LXlll.
916 2358 918 2363 .

402 2413 504 2470 Uncto
522 2409 667 2470 corduba
680 2409 795 2471 laetior
807 2415 963 2492 Venafro,

403 2493 511 2552 Histra
524 2508 583 2549 nec
598 2491 696 2549 minus
709 2492 852 2582 ‘absoluta
867 2502 964 2573 testa,

403 2575 476 2634 Albi
495 2592 573 2655 qnae
588 2591 716 2652 superas
731 2593 803 2634 oves
819 2575 960 2655 Galaesi,

401 2657 494 2718 Nullo
510 2659 627 2718 murice
643 2675 702 2716 nec
719 2677 831 2717 cruore
846 2659 992 2737 mendax,

378 2742 464 2804 asad
479 2743 586 2803 tinctis
603 2743 750 2819 gregibus
764 2740 869 2804 colore
883 2745 967 2802 vivo:
1072 2793 1074 2797 .

401 2828 458 2887 llic
473 2833 594 2904 vestro,
616 2844 710 2904 rogo,
733 2827 775 2885 sit
787 2827 889 2905 pudor
903 2832 1034 2906 poetae,

401 2912 466 2970 Nec
481 2911 577 2988 gratis
594 2910 709 2969 recitet
723 2929 808 2969 meos
823 2909 963 2971 libellos:

400 2994 549 3072 Ferrem,
568 2995 595 3052 si
608 2993 729 3054 faceret
743 2995 842 3054 bonus
854 3002 965 3075 poeto,

403 3079 461 3141 cai
474 3096 598 3159 possem
614 3076 688 3137 dare
702 3084 823 3138 mutuos
839 3077 979 3140 dolores:

362 3162 581 3240 loflorrumpit
595 3163 664 3220 sine
677 3161 794 3222 talione
809 3162 942 3225 caelebs.

401 3247 519 3306 Caecus
536 3244 673 3324 perdere
689 3266 751 3306 non
765 3251 872 3326 potest
887 3245 969 3327 quod
986 3247 1095 3306 aufert.

400 3329 453 3388 Nil
468 3336 516 3389 est
532 3329 670 3388 deterius
684 3331 806 3390 latrone
821 3331 919 3392 nudo:

399 3412 451 3472 Nil
465 3412 604 3472 securius
619 3418 668 3471 est
679 3412 760 3472 malo
773 3420 876 3494 poeta.

786 3526 892 3590 Lx1v.

401 3619 586 3683 Vincentem
600 3643 707 3685 roseos
722 3626 864 3704 facieque
880 3637 1026 3705 comaque
1040 3626 1197 3685 ministros

445 3704 543 3764 Cinna
557 3726 662 3768 cocum
676 3709 762 3771 fecit.
793 3711 893 3771 cinna
907 3709 1032 3789 gulosus
1045 3711 1136 3770 homo
1152 3717 1211 3770 est,
