3434 4575
573 482 914 544 EPIGRAMMATON
927 483 1002 545 LlB.
1019 484 1071 546 IV.
1282 485 1343 552 101

383 639 578 717 Dicebatque
594 638 657 697 suis
672 638 749 696 haee
764 642 883 696 tantum
898 634 1009 696 deesse
1023 640 1190 716 trecentis,

426 723 470 783 Ut
485 728 592 802 posset
607 721 730 780 domino
745 718 897 800 plaudere
912 721 1009 779 iustus
1026 738 1130 800 eques.

360 808 518 870 5Praetor
534 808 577 866 ait
590 806 679 883 „Seis
694 824 744 864 me
760 804 879 884 Scorpo
894 804 1069 882 Thalloque
1085 804 1243 884 daturum,

427 892 530 969 Atque
544 891 659 950 utinam
674 896 797 949 eentum
811 887 895 949 milia
910 887 976 948 sola
991 887 1130 951 darem.“

383 976 434 1034 Ah
448 974 546 1054 pudet
559 977 715 1053 ingratae,
734 973 833 1053 pudet
850 974 889 1032 ab
903 971 984 1032 male
999 970 1102 1033 divitis
1119 992 1217 1033 areae.

428 1057 518 1134 Quod
532 1077 593 1117 non
609 1056 663 1117 das
678 1059 793 1136 equiti,
814 1059 861 1117 vis
876 1056 968 1135 dare,
988 1058 1135 1136 Praetor,
1158 1059 1259 1135 equo?

761 1227 894 1290 LXVIII.

384 1343 498 1402 invitas
514 1348 636 1402 eentum
653 1339 875 1420 quadrantibus
890 1347 922 1401 et
937 1343 1017 1400 bene
1034 1358 1134 1402 eonas.

426 1427 470 1487 Ut
485 1444 593 1486 cenem
606 1426 737 1503 invitor,
761 1425 872 1503 Sexte,
895 1444 933 1484 an
947 1430 982 1484 ut
996 1423 1171 1484 invideam?

773 1591 879 1652 LXIX.

387 1720 437 1780 Tu
451 1720 558 1780 Setina
574 1719 698 1798 quidem
714 1738 839 1799 semper
853 1717 904 1779 vel
918 1719 1052 1780 Massica
1066 1721 1173 1800 ponis,

426 1802 551 1884 Papile,
574 1803 632 1864 sed
646 1824 751 1864 rumor
766 1811 828 1864 tam
843 1805 923 1862 bona
937 1805 1007 1863 vina
1021 1809 1122 1880 negat.

383 1888 505 1949 Diceris
518 1890 576 1948 hae
590 1888 690 1948 faetus
708 1886 831 1947 caelebs
847 1894 956 1964 quater
971 1906 1041 1948 esse
1057 1885 1176 1966 lagona.

348 1983 351 1990 '
428 1972 494 2032 Nee
509 1979 602 2053 puto,
624 1991 683 2032 nee
699 1970 811 2048 eredo,
831 1969 958 2051 Papile,
979 1991 1039 2032 nee
1052 1973 1132 2031 sitio.

776 2135 870 2198 Lxx.

384 2248 469 2310 Nihil
483 2248 643 2310 Ammiano
658 2256 785 2330 praeter
800 2247 917 2311 aridam
931 2255 1049 2311 reatem

385 2333 527 2395 Moriens
541 2333 671 2414 reliquit
684 2334 801 2396 ultimis
815 2342 906 2416 pater
922 2336 1012 2396 eeria.

383 2420 470 2477 Fieri
485 2424 611 2499 putaret
624 2437 716 2498 posse
732 2422 817 2499 quis,
839 2418 1027 2495 Marulline,
1055 2488 1058 2493 Ι

384 2502 427 2563 Ut
440 2504 617 2563 Ammianus
631 2510 784 2563 mortuum
797 2509 918 2583 patrem
932 2500 1054 2562 nollet?

771 2665 886 2739 Lxxi„

385 2778 507 2857 Quaero
523 2779 576 2839 diu
591 2786 703 2857 totam,
725 2779 849 2839 Safroni
864 2779 960 2855 Rufe,
981 2796 1040 2857 per
1053 2780 1179 2856 urbem,

429 2865 463 2925 Si
479 2884 538 2943 qua
551 2862 654 2944 puella
669 2870 780 2942 neget:
801 2860 890 2922 nulla
907 2860 1013 2942 puella
1026 2869 1128 2941 negat.

386 2948 546 3027 Tanquam
560 2948 607 3007 fas
621 2968 683 3007 non
698 2950 757 3025 sit,
780 2955 924 3026 tanquam
940 2948 981 3007 sit
995 2952 1087 3027 turpe
1102 2964 1234 3024 negare,

428 3033 587 3111 Tanquam
603 3051 666 3092 non
679 3031 791 3093 liceat:
812 3030 900 3091 nulla
914 3028 1021 3112 puella
1036 3038 1137 3111 negat.

361 3118 479 3178 acuta
492 3118 588 3195 igitur
602 3115 688 3177 nulla
703 3117 774 3177 est?
794 3123 866 3178 sunt
880 3122 982 3177 castae
997 3113 1101 3176 mille:
1124 3112 1198 3194 quid
1212 3132 1288 3193 ergo
1315 3159 1317 3163 .

429 3202 522 3261 Casta
535 3201 634 3260 facit?
655 3221 718 3261 non
733 3199 802 3278 dat,
824 3220 887 3260 non
903 3207 1005 3260 tamen
1020 3198 1075 3260 illa
1089 3207 1190 3277 negat.

764 3364 883 3425 LXXII.

382 3478 506 3555 Exigis,
527 3485 563 3538 ut
577 3476 689 3538 donem
705 3469 830 3537 nostros
845 3478 919 3553 tibi,
942 3476 1071 3553 Quinte,
1092 3469 1230 3535 libellos.
1357 3550 1361 3558 Ι

426 3562 496 3620 Non
510 3562 627 3639 babeo,
650 3560 707 3621 sed
720 3562 815 3621 habet
829 3560 997 3641 bibliopola
1014 3559 1174 3638 Tryphon.

383 3646 470 3723 „Aes
486 3642 565 3704 dabo
579 3664 636 3725 pro
651 3647 741 3725 nugis
755 3651 788 3705 et
806 3663 904 3705 emam
919 3652 971 3704 tua
984 3643 1119 3704 earmina
1133 3640 1247 3702 sanus?

425 3728 518 3788 Non“
532 3730 635 3807 inquis
648 3729 780 3808 „faciam
794 3735 855 3789 tarn
868 3728 986 3789 fatue.“
1014 3728 1079 3787 Nee
1095 3745 1162 3806 ego.
