3434 4575
577 467 918 531 EPIGRAMMATON
932 467 1006 529 LlB.
1020 467 1087 529 Xll.
1296 462 1358 531 ‘zeb

400 631 442 691 Et
456 623 559 686 credit
574 625 623 683 cui
637 619 818 681 Postumilla
832 618 917 679 dives

403 713 562 785 Gemmas,
585 724 692 782 nureo,
713 706 799 781 vina,
822 704 1026 764 concubinos:

380 796 457 859 osio
471 800 503 853 te
521 796 673 871 perpetuo
686 788 749 847 lide
764 789 928 867 probatum

401 876 486 939 Nulli
499 894 562 936 non
575 881 628 934 tuo
643 873 802 953 praeferat
814 878 959 952 petrone:

403 962 570 1023 Succurras
585 958 715 1033 misero,
737 973 867 1035 precor,
889 954 990 1015 furori

402 1048 444 1107 Et
457 1062 562 1105 serves
576 1039 740 1119 aliquando
755 1038 952 1118 negligenter

400 1128 474 1191 Illos
489 1129 542 1207 qui
555 1125 635 1185 mole
649 1144 704 1184 cor
718 1142 819 1183 meum
834 1128 1000 1201 perurunt,

363 1215 484 1289 toQuos
500 1218 533 1271 et
546 1211 687 1270 noctibus
705 1213 737 1268 et
755 1205 864 1267 diebus
878 1214 952 1288 opto

402 1298 437 1358 ln
451 1301 558 1356 nostro
574 1292 704 1372 cupidus
719 1292 788 1352 sinu
801 1289 926 1369 videre,

400 1380 583 1456 Formosus,
605 1379 726 1453 niveos,
748 1394 856 1454 peres,
878 1372 1048 1454 gemellos,

403 1462 562 1540 Grandes,
585 1480 647 1520 non
663 1461 793 1540 pueros,
815 1459 872 1518 sed
886 1460 1025 1520 uniones.

822 1593 855 1653 L.

402 1708 602 1787 Daphnonus,
622 1701 803 1782 platanones
817 1709 850 1762 et
865 1704 965 1762 aerios
980 1704 1122 1782 pityonas

445 1791 487 1850 Et
503 1807 564 1847 non
581 1789 671 1846 unius
686 1784 797 1845 balneo
812 1785 898 1846 solus
911 1787 1026 1863 habes,
1200 1852 1205 1860 .

403 1875 444 1933 nt
457 1873 516 1933 tibi
530 1872 671 1932 centenis
687 1876 748 1930 stat
765 1872 904 1950 porticus
920 1869 981 1929 olto
999 1869 1163 1948 columnis,

372 1975 381 1991 ·
445 1955 649 2034 Calcatusque
666 1960 718 2014 tuo
733 1956 789 2014 sub
803 1953 885 2032 pede
896 1953 983 2013 lucet
998 1973 1095 2032 onyx;

402 2040 648 2117 Pulvereumque
663 2036 755 2117 fugax
768 2037 995 2118 hippodromon
1011 2035 1124 2116 ungulo
1137 2035 1274 2119 plaudit,

443 2126 486 2185 Et
499 2123 660 2203 pereuntis
675 2124 898 2202 aquaeductus
914 2124 1028 2201 ubique
1045 2126 1142 2181 sonat.

400 2210 489 2276 Atrio
503 2206 594 2286 longo
605 2213 729 2287 potent3
750 2204 806 2267 sed
820 2226 878 2267 nec
894 2207 1074 2266 cenantibus
1089 2225 1232 2287 usquam,

442 2293 507 2353 Nec
521 2311 627 2351 somno
641 2290 727 2352 locus
743 2299 801 2354 est.
830 2293 926 2370 Quium
940 2295 1021 2353 bene
1036 2311 1099 2353 non
1112 2293 1246 2355 habitos!

817 2432 866 2494 Ll.

403 2540 481 2600 'fem
494 2558 588 2619 saepe
603 2543 744 2598 nostrum
758 2537 860 2620 decipi
874 2540 1087 2620 Fabullinum,

405 2623 549 2702 Miraris,
570 2621 675 2684 Aule?
693 2640 817 2703 semper
830 2625 922 2683 homo
938 2626 1035 2684 bonus
1048 2627 1110 2685 tiro
1125 2636 1183 2689 est.

811 2749 874 2811 Lll.

404 2862 559 2942 'l'emporo
574 2864 678 2923 Pierio
692 2861 802 2924 solitus
817 2862 965 2923 redimire
981 2881 1110 2941 corono,

443 2946 507 3007 Neo
522 2948 621 3007 minus
635 2949 774 3007 attonitis
788 2967 846 3008 vox
861 2946 1019 3008 celebrato
1037 2948 1118 3021 reis,

402 3030 463 3090 llic
479 3032 555 3091 situs
571 3038 635 3109 est,
656 3032 708 3090 hic
721 3030 778 3091 ille
794 3038 879 3110 tuus,
901 3031 1097 3112 Sempronio,
1118 3031 1233 3111 Rufus,

445 3115 539 3175 Cuius
555 3116 669 3195 etipse
685 3116 731 3175 tui
745 3117 854 3195 flagrat
869 3134 973 3176 umore
988 3117 1075 3178 cinis.

380 3196 507 3258 5Dulcis
521 3200 554 3258 in
567 3198 676 3278 Elysio
690 3202 827 3260 narreris
841 3199 946 3260 subulo
962 3219 1067 3280 compo

442 3282 483 3341 nt
497 3289 603 3362 stupet
616 3282 655 3343 od
669 3291 775 3365 raptus
792 3282 948 3364 Tyndaris
962 3284 1030 3364 ipsa
1044 3288 1122 3343 tuos.

403 3363 453 3424 'lu
468 3365 594 3444 melior,
617 3384 695 3445 quoe
710 3367 836 3428 deserto
852 3373 978 3447 ruptore
993 3364 1118 3427 redisti:

442 3446 497 3507 lllo
511 3449 609 3508 virum
623 3447 721 3510 voluit
734 3470 793 3510 nec
807 3452 943 3531 repetita
957 3451 1055 3529 sequi.

400 3529 511 3609 Ridet,
534 3539 567 3592 et
577 3531 686 3592 Iliacos
701 3534 786 3595 audit
798 3532 961 3595 Menelaus
978 3554 1112 3595 amores:

360 3623 394 3676 10
443 3614 582 3675 Absolvit
597 3616 765 3695 Phrygium
779 3625 883 3678 vestro
896 3621 1004 3699 rupino
1017 3620 1128 3678 Parim.

401 3697 566 3778 Accipient
581 3699 655 3759 olim
669 3719 737 3761 cum
753 3707 785 3761 te
801 3700 872 3761 loco
885 3703 967 3763 laeto
980 3703 1117 3782 piorum,
