3434 4575
702 475 827 524 00οῐ00
850 475 899 524 vr.
1265 461 1302 523 37

308 614 364 677 lam
390 618 434 677 las
458 626 520 684 est;
547 616 665 677 admitte
688 615 784 678 viros!
800 649 841 661 -
861 614 919 675 lam
940 614 1045 675 dormit
1064 612 1193 691 adulter,

307 699 358 763 llla
377 702 460 762 iubet
481 709 598 779 sumpto
620 701 755 761 iuvenem
778 717 942 779 properare
965 698 1098 764 cucullo:
1255 710 1306 763 330

308 789 337 847 Si
360 785 432 847 nihil
455 795 517 863 est,
546 787 640 847 servis
667 787 835 854 incurritur;
860 785 1018 846 abstuleris
1040 802 1123 863 spem

308 874 483 947 Servorum,
507 871 587 930 venit
610 879 639 930 et
662 869 824 931 conductus
849 870 1000 949 aquarium
1025 868 1073 931 lric
1095 871 1119 930 si

307 957 466 1031 Quaeritur
489 964 519 1015 et
541 955 646 1016 desunt
669 954 818 1031 homines,
843 972 924 1015 mora
947 953 1025 1015 nulla
1048 971 1103 1032 per
1125 956 1228 1033 ipsam,

308 1041 372 1116 Quo
397 1042 493 1100 minus
517 1041 654 1120 imposito
680 1040 794 1101 clunem
816 1041 973 1099 summittat
995 1037 1100 1099 asello.

308 1126 405 1208 Atque
428 1126 536 1185 utinam
559 1127 631 1185 ritus
655 1135 775 1185 veteres
799 1133 828 1184 et
854 1124 971 1204 publica
995 1124 1098 1184 saltem
1254 1130 1307 1185 330

308 1210 356 1270 llis
378 1213 488 1271 intacta
509 1210 592 1270 malis
616 1219 774 1288 agerentur
795 1227 895 1271 sacra:
919 1208 971 1269 sed
996 1225 1098 1268 omnes

308 1294 459 1356 Noverunt
481 1294 573 1356 maun
595 1304 682 1374 atque
707 1294 784 1369 Indi,
809 1313 885 1373 quae
910 1294 1030 1374 psaltria
1057 1310 1161 1372 penem

308 1379 466 1456 llaiorem,
493 1397 579 1458 quam
606 1390 673 1440 sunt
697 1379 755 1440 duo
784 1377 921 1439 Caesaris
943 1378 1145 1452 Anticatones,

308 1462 397 1539 Illuc,
425 1463 553 1524 testiculi
576 1463 631 1523 sibi
655 1465 791 1525 conscius
814 1464 891 1524 unde
913 1464 987 1542 fugit
1009 1481 1082 1539 mus,

309 1549 455 1624 Intulerit,
479 1546 528 1608 ubi
551 1548 644 1609 velari
668 1551 781 1628 pictura
808 1549 933 1624 iubetur,
1254 1556 1306 1610 340

310 1633 517 1713 Quaecumque
541 1633 661 1694 alterius
684 1651 775 1693 sexus
799 1635 907 1695 imitata
931 1634 1052 1711 figuram
1075 1642 1129 1692 est.

311 1716 343 1779 llt
370 1720 435 1799 quis
459 1727 527 1778 tuuc
551 1717 696 1778 hominum
720 1727 905 1798 contemptor
926 1713 1070 1778 numinis?
1094 1725 1143 1777 aut
1167 1717 1230 1794 quis

309 1804 486 1883 simpuvium
509 1803 607 1863 ridere
632 1801 744 1864 llumae
770 1805 943 1882 nigrumque
968 1804 1090 1863 catinum

309 1886 343 1948 Et
364 1887 509 1948 Vaticano
532 1888 654 1967 fragiles
678 1888 714 1948 de
736 1899 834 1948 monte
861 1887 986 1966 patellas

310 1971 404 2032 Ausus
432 1968 515 2031 eratl
538 1973 592 2033 sed
615 1992 690 2032 nunc
713 1974 748 2033 ad
773 1991 845 2054 quas
870 1991 928 2031 non
953 1969 1073 2031 Clodius
1097 1968 1184 2031 aras?
1253 1980 1306 2032 340

348 2057 463 2132 Audio,
488 2058 557 2136 quid
580 2067 699 2118 veteres
722 2057 791 2118 olim
815 2058 959 2118 moneatis
983 2057 1082 2115 amici:

309 2142 385 2203 Pone
410 2160 522 2217 seram,
549 2142 735 2220 prohibel—
745 2143 805 2204 Sed
820 2145 885 2223 quis
897 2141 1043 2202 custodiet
1070 2141 1150 2217 ipsos

310 2222 476 2287 Custodes?
502 2235 586 2287 cauta
613 2237 658 2289 cst
681 2238 711 2290 et
733 2227 769 2287 ab
792 2228 850 2287 illis
875 2227 976 2307 incipit
1001 2242 1084 2293 uxor,

308 2311 426 2393 lamque
451 2313 552 2372 eadem
575 2315 693 2373 summis
716 2314 826 2391 pariter
847 2314 1028 2391 minimisque
1054 2310 1154 2385 libido,

306 2396 369 2459 llec
392 2396 513 2473 melior,
540 2397 654 2458 silicem
680 2397 804 2478 pedibus
827 2415 903 2477 quae
925 2397 1051 2457 conterit
1073 2404 1175 2469 atrum,
1253 2405 1306 2458 350

308 2481 399 2556 Quam
425 2499 501 2561 quae
525 2481 678 2561 longorum
705 2483 820 2543 vehitur
840 2484 959 2543 cervice
981 2483 1130 2558 Syrorum.

308 2565 343 2627 llt
365 2574 486 2646 spectet
510 2566 612 2644 ludos,
641 2567 778 2628 conducit
801 2566 925 2647 Ogulnia
949 2576 1072 2641 vestem,

308 2649 452 2712 Conducit
475 2653 614 2729 comites,
638 2654 758 2725 sellam,
784 2651 929 2727 cervical,
955 2652 1075 2723 amicas,

307 2734 456 2797 Nutricem
483 2746 512 2796 et
535 2737 655 2813 flavam,
681 2739 726 2798 cui
751 2737 801 2798 det
825 2736 975 2807 mandata,
999 2735 1136 2814 puellam.

308 2820 386 2881 llaec
410 2829 506 2881 tamen
528 2823 642 2900 argenti
664 2831 802 2902 superest
824 2821 1029 2900 quodcumque
1053 2822 1165 2898 paterni
1252 2829 1304 2883 355

308 2903 432 2966 levibus
455 2905 572 2966 athletis
596 2918 625 2967 et
651 2924 721 2967 vasa
745 2908 903 2967 novissima
925 2906 1023 2967 donat.

308 2989 403 3050 llultis
425 3008 475 3049 res
498 3001 621 3069 angusta
644 2992 738 3053 domi:
764 2992 817 3052 sed
838 2990 916 3051 nulla
943 2991 1084 3070 pudorem

308 3073 489 3154 Paupertatis
513 3074 618 3152 habet,
641 3094 698 3137 nec
720 3079 894 3137 remetitur
916 3075 951 3135 ud
976 3075 1067 3150 illum,

308 3156 400 3232 Quem
421 3157 501 3220 dedit
522 3159 597 3221 haec
614 3162 772 3241 posuitque
792 3162 917 3221 modum.
947 3159 1054 3220 Tamen
1075 3158 1145 3218 utile
1169 3156 1235 3236 qnid
1255 3160 1302 3231 sit,

308 3243 490 3322 l’rospiciuut
513 3245 669 3323 aliqnando
692 3246 761 3321 viri,
785 3245 936 3325 frigusque
959 3245 1122 3322 famemque
1251 3250 1304 3304 360

307 3326 440 3389 l'ormica
463 3330 577 3389 tandem
602 3330 716 3409 quidam
737 3348 888 3409 expavere
909 3330 1063 3409 magistra:

308 3411 432 3492 Prodiga
455 3430 512 3472 000
535 3416 623 3475 sentit
645 3424 818 3494 pereuntem
839 3416 944 3475 femina
968 3430 1101 3479 censum:

309 3497 351 3559 llo
376 3497 459 3558 velut
481 3494 795 3561 exhausu'redivivus
818 3500 943 3579 pullulet
965 3517 1032 3559 arca

308 3580 444 3642 Nummus
467 3593 497 3643 et
521 3602 538 3644 e
561 3582 650 3663 pleno
674 3584 793 3645 tollatur
816 3603 935 3664 semper
957 3599 1078 3658 acervo,

309 3665 371 3728 lion
392 3685 526 3747 umquam
549 3678 701 3749 reputant,
724 3671 822 3748 quanti
843 3668 899 3730 sihi
921 3668 1026 3747 gaudia
1050 3675 1192 3727 constent..
1250 3677 1301 3733 300

349 3753 422 3813 Sunt
445 3771 518 3831 quas
543 3752 667 3817 eunuclti
691 3754 827 3816 imbelles
848 3773 884 3817 00
907 3753 1007 3815 mollia
1029 3771 1148 3832 semper
