<?xml version="1.0" encoding="UTF-8"?>
<!DOCTYPE html PUBLIC "-//W3C//DTD XHTML 1.0 Transitional//EN"
    "http://www.w3.org/TR/xhtml1/DTD/xhtml1-transitional.dtd">
<html xmlns="http://www.w3.org/1999/xhtml" xml:lang="en" lang="en">
 <head>
  <title>
</title>
<meta http-equiv="Content-Type" content="text/html;charset=utf-8" />
  <meta name='ocr-system' content='tesseract 3.04.00' />
  <meta name='ocr-capabilities' content='ocr_page ocr_carea ocr_par ocr_line ocrx_word'/>
</head>
<body>
  <div class='ocr_page' id='page_1' title='image "./satirarumlibriq00juvegoog_0100.png"; bbox 0 0 3434 4575; ppageno 0'>
   <div class='ocr_carea' id='block_1_1' title="bbox 439 450 1138 534">
    <p class='ocr_par' dir='ltr' id='par_1_1' title="bbox 439 450 1138 534">
     <span class='ocr_line' id='line_1_1' title="bbox 439 450 1138 534; baseline 0 -1"><span class='ocrx_word' id='word_1_1' title='bbox 439 473 479 534; x_wconf 83' lang='grc'><strong>64</strong></span> <span class='ocrx_word' id='word_1_2' title='bbox 522 450 524 454; x_wconf 39' lang='lat'><strong><em>⁴</em></strong></span> <span class='ocrx_word' id='word_1_3' title='bbox 797 481 832 531; x_wconf 89' lang='lat' dir='ltr'><strong>n.</strong></span> <span class='ocrx_word' id='word_1_4' title='bbox 854 480 926 532; x_wconf 80' lang='lat' dir='ltr'><strong>mu.</strong></span> <span class='ocrx_word' id='word_1_5' title='bbox 951 481 1138 533; x_wconf 73' lang='lat' dir='ltr'><strong>murmanus</strong></span> 
     </span>
    </p>
   </div>
   <div class='ocr_carea' id='block_1_2' title="bbox 437 621 1429 1293">
    <p class='ocr_par' dir='ltr' id='par_1_2' title="bbox 440 621 1214 704">
     <span class='ocr_line' id='line_1_2' title="bbox 440 621 1214 704; baseline 0.003 -17"><span class='ocrx_word' id='word_1_6' title='bbox 440 627 483 687; x_wconf 87' lang='lat' dir='ltr'><strong>lle</strong></span> <span class='ocrx_word' id='word_1_7' title='bbox 507 641 600 703; x_wconf 73' lang='lat' dir='ltr'><strong>grege</strong></span> <span class='ocrx_word' id='word_1_8' title='bbox 623 621 808 700; x_wconf 73' lang='lat' dir='ltr'><strong>Moesorum,</strong></span> <span class='ocrx_word' id='word_1_9' title='bbox 833 625 882 704; x_wconf 87' lang='lat' dir='ltr'><strong>qui</strong></span> <span class='ocrx_word' id='word_1_10' title='bbox 906 643 951 685; x_wconf 91' lang='lat' dir='ltr'><strong>me</strong></span> <span class='ocrx_word' id='word_1_11' title='bbox 978 624 1097 685; x_wconf 82' lang='lat' dir='ltr'><strong>cervice</strong></span> <span class='ocrx_word' id='word_1_12' title='bbox 1119 626 1214 688; x_wconf 88' lang='lat' dir='ltr'><strong>locata</strong></span> 
     </span>
    </p>

    <p class='ocr_par' dir='ltr' id='par_1_3' title="bbox 438 707 1149 771">
     <span class='ocr_line' id='line_1_3' title="bbox 438 707 1149 771; baseline -0.003 -1"><span class='ocrx_word' id='word_1_13' title='bbox 438 712 577 770; x_wconf 85' lang='lat' dir='ltr'><strong>Securum</strong></span> <span class='ocrx_word' id='word_1_14' title='bbox 602 707 718 768; x_wconf 89' lang='lat' dir='ltr'><strong>iubeant</strong></span> <span class='ocrx_word' id='word_1_15' title='bbox 743 708 872 771; x_wconf 82' lang='lat' dir='ltr'><strong>clamoso</strong></span> <span class='ocrx_word' id='word_1_16' title='bbox 896 709 1032 768; x_wconf 78' lang='lat' dir='ltr'>insistere</span> <span class='ocrx_word' id='word_1_17' title='bbox 1059 710 1149 771; x_wconf 88' lang='lat' dir='ltr'><strong>circo.</strong></span> 
     </span>
    </p>

    <p class='ocr_par' dir='ltr' id='par_1_4' title="bbox 438 792 1428 957">
     <span class='ocr_line' id='line_1_4' title="bbox 438 792 1428 872; baseline 0 -17"><span class='ocrx_word' id='word_1_18' title='bbox 438 796 481 856; x_wconf 90' lang='lat' dir='ltr'><strong>Sit</strong></span> <span class='ocrx_word' id='word_1_19' title='bbox 505 793 572 854; x_wconf 86' lang='lat' dir='ltr'><strong>milri</strong></span> <span class='ocrx_word' id='word_1_20' title='bbox 593 797 748 872; x_wconf 89' lang='lat' dir='ltr'><strong>praeterea</strong></span> <span class='ocrx_word' id='word_1_21' title='bbox 774 811 880 854; x_wconf 86' lang='lat' dir='ltr'><strong>curvus</strong></span> <span class='ocrx_word' id='word_1_22' title='bbox 904 792 1035 854; x_wconf 86' lang='lat' dir='ltr'><strong>caelator</strong></span> <span class='ocrx_word' id='word_1_23' title='bbox 1057 803 1086 852; x_wconf 86' lang='lat' dir='ltr'><strong>et</strong></span> <span class='ocrx_word' id='word_1_24' title='bbox 1111 795 1196 870; x_wconf 90' lang='lat' dir='ltr'><strong>alter,</strong></span> <span class='ocrx_word' id='word_1_25' title='bbox 1378 805 1428 863; x_wconf 62' lang='lat'><strong>143</strong></span> 
     </span>
     <span class='ocr_line' id='line_1_5' title="bbox 438 875 1218 957; baseline 0.004 -19"><span class='ocrx_word' id='word_1_26' title='bbox 438 878 494 954; x_wconf 81' lang='lat' dir='ltr'><strong>Qui</strong></span> <span class='ocrx_word' id='word_1_27' title='bbox 514 877 618 938; x_wconf 87' lang='lat' dir='ltr'><strong>multas</strong></span> <span class='ocrx_word' id='word_1_28' title='bbox 640 875 732 938; x_wconf 84' lang='lat' dir='ltr'><strong>iacies</strong></span> <span class='ocrx_word' id='word_1_29' title='bbox 757 877 848 956; x_wconf 77' lang='lat' dir='ltr'><strong>pingit</strong></span> <span class='ocrx_word' id='word_1_30' title='bbox 871 877 945 938; x_wconf 88' lang='lat' dir='ltr'><strong>cito:</strong></span> <span class='ocrx_word' id='word_1_31' title='bbox 969 877 1113 939; x_wconf 82' lang='lat' dir='ltr'><strong>sufiiciunt</strong></span> <span class='ocrx_word' id='word_1_32' title='bbox 1134 879 1218 957; x_wconf 86' lang='lat' dir='ltr'><strong>haec,</strong></span> 
     </span>
    </p>

    <p class='ocr_par' dir='ltr' id='par_1_5' title="bbox 437 959 1386 1129">
     <span class='ocr_line' id='line_1_6' title="bbox 438 959 1386 1046; baseline 0.004 -23"><span class='ocrx_word' id='word_1_33' title='bbox 438 962 561 1036; x_wconf 80' lang='lat' dir='ltr'><strong>Quando</strong></span> <span class='ocrx_word' id='word_1_34' title='bbox 584 978 642 1041; x_wconf 72' lang='lat' dir='ltr'><strong>ego</strong></span> <span class='ocrx_word' id='word_1_35' title='bbox 666 979 778 1040; x_wconf 88' lang='lat' dir='ltr'><strong>pauper</strong></span> <span class='ocrx_word' id='word_1_36' title='bbox 800 961 870 1022; x_wconf 88' lang='lat' dir='ltr'><strong>ero!</strong></span> <span class='ocrx_word' id='word_1_37' title='bbox 897 959 1004 1022; x_wconf 84' lang='lat' dir='ltr'><strong>Votum</strong></span> <span class='ocrx_word' id='word_1_38' title='bbox 1027 963 1211 1040; x_wconf 81' lang='lat' dir='ltr'><strong>miserabile,</strong></span> <span class='ocrx_word' id='word_1_39' title='bbox 1236 984 1291 1027; x_wconf 89' lang='lat' dir='ltr'><strong>nec</strong></span> <span class='ocrx_word' id='word_1_40' title='bbox 1315 986 1386 1046; x_wconf 83' lang='lat' dir='ltr'><strong>spes</strong></span> 
     </span>
     <span class='ocr_line' id='line_1_7' title="bbox 437 1044 1286 1129; baseline 0.006 -23"><span class='ocrx_word' id='word_1_41' title='bbox 437 1045 488 1108; x_wconf 87' lang='lat' dir='ltr'><strong>llis</strong></span> <span class='ocrx_word' id='word_1_42' title='bbox 514 1046 633 1114; x_wconf 82' lang='lat' dir='ltr'><strong>saitem;</strong></span> <span class='ocrx_word' id='word_1_43' title='bbox 660 1064 723 1107; x_wconf 90' lang='lat' dir='ltr'><strong>nam</strong></span> <span class='ocrx_word' id='word_1_44' title='bbox 748 1064 833 1128; x_wconf 86' lang='lat' dir='ltr'><strong>quum</strong></span> <span class='ocrx_word' id='word_1_45' title='bbox 856 1062 910 1124; x_wconf 92' lang='lat' dir='ltr'><strong>pro</strong></span> <span class='ocrx_word' id='word_1_46' title='bbox 936 1064 982 1108; x_wconf 85' lang='lat' dir='ltr'><strong>mc</strong></span> <span class='ocrx_word' id='word_1_47' title='bbox 1008 1044 1134 1108; x_wconf 76' lang='lat' dir='ltr'><strong>Fortuna</strong></span> <span class='ocrx_word' id='word_1_48' title='bbox 1156 1060 1286 1129; x_wconf 78' lang='lat' dir='ltr'><strong>rogatur,</strong></span> 
     </span>
    </p>

    <p class='ocr_par' dir='ltr' id='par_1_6' title="bbox 439 1129 1017 1210">
     <span class='ocr_line' id='line_1_8' title="bbox 439 1129 1017 1210; baseline -0.003 -18"><span class='ocrx_word' id='word_1_49' title='bbox 439 1130 538 1192; x_wconf 79' lang='lat' dir='ltr'><strong>dldxit</strong></span> <span class='ocrx_word' id='word_1_50' title='bbox 564 1148 648 1192; x_wconf 86' lang='lat' dir='ltr'><strong>ceras</strong></span> <span class='ocrx_word' id='word_1_51' title='bbox 670 1130 719 1191; x_wconf 93' lang='lat' dir='ltr'><strong>illa</strong></span> <span class='ocrx_word' id='word_1_52' title='bbox 743 1129 781 1192; x_wconf 90' lang='lat' dir='ltr'><strong>de</strong></span> <span class='ocrx_word' id='word_1_53' title='bbox 802 1148 878 1191; x_wconf 86' lang='lat' dir='ltr'><strong>nave</strong></span> <span class='ocrx_word' id='word_1_54' title='bbox 900 1132 1017 1210; x_wconf 82' lang='lat' dir='ltr'><strong>petitas,</strong></span> 
     </span>
    </p>

    <p class='ocr_par' dir='ltr' id='par_1_7' title="bbox 438 1213 1429 1293">
     <span class='ocr_line' id='line_1_9' title="bbox 438 1213 1429 1293; baseline 0.005 -18"><span class='ocrx_word' id='word_1_55' title='bbox 438 1215 520 1288; x_wconf 80' lang='lat' dir='ltr'><strong>Quae</strong></span> <span class='ocrx_word' id='word_1_56' title='bbox 543 1213 658 1276; x_wconf 86' lang='lat' dir='ltr'><strong>Siculos</strong></span> <span class='ocrx_word' id='word_1_57' title='bbox 686 1224 786 1276; x_wconf 88' lang='lat' dir='ltr'><strong>cantus</strong></span> <span class='ocrx_word' id='word_1_58' title='bbox 813 1215 914 1293; x_wconf 77' lang='lat' dir='ltr'><strong>ell&#39;ugit</strong></span> <span class='ocrx_word' id='word_1_59' title='bbox 936 1216 1048 1293; x_wconf 79' lang='lat' dir='ltr'><strong>remige</strong></span> <span class='ocrx_word' id='word_1_60' title='bbox 1074 1217 1198 1279; x_wconf 84' lang='lat' dir='ltr'><strong>surdo.“</strong></span> <span class='ocrx_word' id='word_1_61' title='bbox 1379 1234 1429 1286; x_wconf 77' lang='lat' dir='ltr'><strong>loo</strong></span> 
     </span>
    </p>
   </div>
   <div class='ocr_carea' id='block_1_3' title="bbox 775 1444 1083 1458">
    <p class='ocr_par' dir='ltr' id='par_1_8' title="bbox 775 1444 1083 1458">
     <span class='ocr_line' id='line_1_10' title="bbox 775 1444 1083 1458; baseline 0.016 -5"><span class='ocrx_word' id='word_1_62' title='bbox 775 1444 1083 1458; x_wconf 45' lang='lat' dir='ltr'><strong>m</strong></span> 
     </span>
    </p>
   </div>
   <div class='ocr_carea' id='block_1_4' title="bbox 717 1640 1143 1890">
    <p class='ocr_par' dir='ltr' id='par_1_9' title="bbox 717 1640 1143 1890">
     <span class='ocr_line' id='line_1_11' title="bbox 717 1640 1143 1738; baseline 0.007 -5"><span class='ocrx_word' id='word_1_63' title='bbox 717 1643 757 1733; x_wconf 91' lang='lat' dir='ltr'><strong>lt.</strong></span> <span class='ocrx_word' id='word_1_64' title='bbox 785 1640 893 1734; x_wconf 78' lang='lat' dir='ltr'><strong>ttllll</strong></span> <span class='ocrx_word' id='word_1_65' title='bbox 921 1642 1143 1738; x_wconf 83' lang='lat' dir='ltr'><strong>ltltlltllls</strong></span> 
     </span>
     <span class='ocr_line' id='line_1_12' title="bbox 842 1813 1022 1890; baseline 0 -10"><span class='ocrx_word' id='word_1_66' title='bbox 842 1813 1022 1890; x_wconf 59' lang='lat' dir='ltr'><strong>mmo</strong></span> 
     </span>
    </p>
   </div>
   <div class='ocr_carea' id='block_1_5' title="bbox 589 1960 1277 2075">
    <p class='ocr_par' dir='ltr' id='par_1_10' title="bbox 589 1960 1277 2075">
     <span class='ocr_line' id='line_1_13' title="bbox 589 1960 1277 2075; baseline 0.007 -7"><span class='ocrx_word' id='word_1_67' title='bbox 589 1960 1277 2075; x_wconf 57' lang='lat' dir='ltr'><strong>sttttltdttllltl</strong></span> 
     </span>
    </p>
   </div>
   <div class='ocr_carea' id='block_1_6' title="bbox 789 2169 1083 2246">
    <p class='ocr_par' dir='ltr' id='par_1_11' title="bbox 789 2169 1083 2246">
     <span class='ocr_line' id='line_1_14' title="bbox 789 2169 1083 2246; baseline 0.003 -14"><span class='ocrx_word' id='word_1_68' title='bbox 789 2169 891 2233; x_wconf 79' lang='lat' dir='ltr'>LIBER</span> <span class='ocrx_word' id='word_1_69' title='bbox 917 2169 1083 2246; x_wconf 76' lang='lat' dir='ltr'>QUARTUS.</span> 
     </span>
    </p>
   </div>
   <div class='ocr_carea' id='block_1_7' title="bbox 849 2357 1018 2365">
    <p class='ocr_par' dir='ltr' id='par_1_12' title="bbox 849 2357 1018 2365">
     <span class='ocr_line' id='line_1_15' title="bbox 849 2357 1018 2365; baseline 0 0"><span class='ocrx_word' id='word_1_70' title='bbox 849 2357 1018 2365; x_wconf 76' lang='lat'><em>———-—-</em></span> 
     </span>
    </p>
   </div>
   <div class='ocr_carea' id='block_1_8' title="bbox 768 2475 1088 2541">
    <p class='ocr_par' dir='ltr' id='par_1_13' title="bbox 768 2475 1088 2541">
     <span class='ocr_line' id='line_1_16' title="bbox 768 2475 1088 2541; baseline -0.009 0"><span class='ocrx_word' id='word_1_71' title='bbox 768 2476 1005 2541; x_wconf 87' lang='lat' dir='ltr'>SATIRA</span> <span class='ocrx_word' id='word_1_72' title='bbox 1045 2475 1088 2538; x_wconf 88' lang='lat' dir='ltr'><strong>X.</strong></span> 
     </span>
    </p>
   </div>
   <div class='ocr_carea' id='block_1_9' title="bbox 370 2590 1430 3797">
    <p class='ocr_par' dir='ltr' id='par_1_14' title="bbox 370 2590 1255 2698">
     <span class='ocr_line' id='line_1_17' title="bbox 370 2590 1255 2698; baseline -0.008 -17"><span class='ocrx_word' id='word_1_73' title='bbox 370 2665 376 2681; x_wconf 82' lang='grc'><strong>.</strong></span> <span class='ocrx_word' id='word_1_74' title='bbox 437 2590 582 2685; x_wconf 73' lang='grc' dir='ltr'><strong>θωιιίὴιιε</strong></span> <span class='ocrx_word' id='word_1_75' title='bbox 605 2620 759 2695; x_wconf 88' lang='lat' dir='ltr'><strong>interris,</strong></span> <span class='ocrx_word' id='word_1_76' title='bbox 785 2637 860 2698; x_wconf 88' lang='lat' dir='ltr'><strong>quae</strong></span> <span class='ocrx_word' id='word_1_77' title='bbox 884 2627 948 2678; x_wconf 88' lang='lat' dir='ltr'><strong>sunt</strong></span> <span class='ocrx_word' id='word_1_78' title='bbox 971 2636 987 2678; x_wconf 95' lang='lat' dir='ltr'><strong>a</strong></span> <span class='ocrx_word' id='word_1_79' title='bbox 1013 2607 1255 2695; x_wconf 83' lang='lat' dir='ltr'><strong>Gadibus&#39;usque</strong></span> 
     </span>
    </p>

    <p class='ocr_par' dir='ltr' id='par_1_15' title="bbox 437 2701 1236 2782">
     <span class='ocr_line' id='line_1_18' title="bbox 437 2701 1236 2782; baseline -0.013 -13"><span class='ocrx_word' id='word_1_80' title='bbox 437 2708 580 2769; x_wconf 80' lang='lat' dir='ltr'><strong>Auroram</strong></span> <span class='ocrx_word' id='word_1_81' title='bbox 602 2712 631 2765; x_wconf 89' lang='lat' dir='ltr'><strong>et</strong></span> <span class='ocrx_word' id='word_1_82' title='bbox 655 2702 799 2782; x_wconf 70' lang='lat' dir='ltr'><strong>Gangen,</strong></span> <span class='ocrx_word' id='word_1_83' title='bbox 825 2703 909 2781; x_wconf 91' lang='lat' dir='ltr'><strong>pauci</strong></span> <span class='ocrx_word' id='word_1_84' title='bbox 935 2701 1090 2762; x_wconf 81' lang='lat' dir='ltr'><strong>dinoscere</strong></span> <span class='ocrx_word' id='word_1_85' title='bbox 1115 2709 1236 2780; x_wconf 86' lang='lat' dir='ltr'><strong>possunt</strong></span> 
     </span>
    </p>

    <p class='ocr_par' dir='ltr' id='par_1_16' title="bbox 439 2784 1244 2868">
     <span class='ocr_line' id='line_1_19' title="bbox 439 2784 1244 2868; baseline -0.01 -16"><span class='ocrx_word' id='word_1_86' title='bbox 439 2792 515 2852; x_wconf 84' lang='lat' dir='ltr'><strong>Vera</strong></span> <span class='ocrx_word' id='word_1_87' title='bbox 542 2788 618 2849; x_wconf 83' lang='lat' dir='ltr'><strong>ltonn</strong></span> <span class='ocrx_word' id='word_1_88' title='bbox 639 2797 726 2868; x_wconf 86' lang='lat' dir='ltr'><strong>atque</strong></span> <span class='ocrx_word' id='word_1_89' title='bbox 749 2787 806 2848; x_wconf 88' lang='lat' dir='ltr'><strong>illis</strong></span> <span class='ocrx_word' id='word_1_90' title='bbox 831 2784 948 2848; x_wconf 85' lang='lat' dir='ltr'><strong>multum</strong></span> <span class='ocrx_word' id='word_1_91' title='bbox 974 2786 1109 2858; x_wconf 80' lang='lat' dir='ltr'><strong>diversa,</strong></span> <span class='ocrx_word' id='word_1_92' title='bbox 1133 2793 1244 2845; x_wconf 91' lang='lat' dir='ltr'><strong>remota</strong></span> 
     </span>
    </p>

    <p class='ocr_par' dir='ltr' id='par_1_17' title="bbox 438 2868 1201 2944">
     <span class='ocr_line' id='line_1_20' title="bbox 438 2868 1201 2944; baseline -0.01 -7"><span class='ocrx_word' id='word_1_93' title='bbox 438 2875 554 2937; x_wconf 81' lang='lat' dir='ltr'><strong>Erroris</strong></span> <span class='ocrx_word' id='word_1_94' title='bbox 579 2870 694 2933; x_wconf 86' lang='lat' dir='ltr'><strong>nebula.</strong></span> <span class='ocrx_word' id='word_1_95' title='bbox 732 2869 807 2944; x_wconf 81' lang='lat' dir='ltr'><strong>Quid</strong></span> <span class='ocrx_word' id='word_1_96' title='bbox 834 2873 909 2932; x_wconf 89' lang='lat' dir='ltr'><strong>enim</strong></span> <span class='ocrx_word' id='word_1_97' title='bbox 932 2872 1044 2933; x_wconf 88' lang='lat' dir='ltr'><strong>ratione</strong></span> <span class='ocrx_word' id='word_1_98' title='bbox 1069 2868 1201 2929; x_wconf 88' lang='lat' dir='ltr'><strong>timemus</strong></span> 
     </span>
    </p>

    <p class='ocr_par' dir='ltr' id='par_1_18' title="bbox 439 2954 1429 3119">
     <span class='ocr_line' id='line_1_21' title="bbox 439 2954 1429 3038; baseline -0.005 -18"><span class='ocrx_word' id='word_1_99' title='bbox 439 2959 495 3019; x_wconf 78' lang='lat' dir='ltr'><strong>dut</strong></span> <span class='ocrx_word' id='word_1_100' title='bbox 518 2954 672 3038; x_wconf 81' lang='lat' dir='ltr'><strong>cupimus?</strong></span> <span class='ocrx_word' id='word_1_101' title='bbox 700 2956 768 3037; x_wconf 81' lang='lat' dir='ltr'><strong>quid</strong></span> <span class='ocrx_word' id='word_1_102' title='bbox 789 2966 846 3017; x_wconf 91' lang='lat' dir='ltr'><strong>tam</strong></span> <span class='ocrx_word' id='word_1_103' title='bbox 867 2955 970 3017; x_wconf 83' lang='lat' dir='ltr'><strong>dextro</strong></span> <span class='ocrx_word' id='word_1_104' title='bbox 997 2954 1074 3034; x_wconf 86' lang='lat' dir='ltr'><strong>pede</strong></span> <span class='ocrx_word' id='word_1_105' title='bbox 1101 2954 1250 3033; x_wconf 77' lang='lat' dir='ltr'><strong>concipis,</strong></span> <span class='ocrx_word' id='word_1_106' title='bbox 1273 2965 1303 3014; x_wconf 94' lang='lat' dir='ltr'><strong>ut</strong></span> <span class='ocrx_word' id='word_1_107' title='bbox 1325 2964 1355 3014; x_wconf 90' lang='lat' dir='ltr'><strong>te</strong></span> <span class='ocrx_word' id='word_1_108' title='bbox 1413 2966 1429 3015; x_wconf 78' lang='lat'><strong>5</strong></span> 
     </span>
     <span class='ocr_line' id='line_1_22' title="bbox 439 3033 1117 3119; baseline -0.013 -14"><span class='ocrx_word' id='word_1_109' title='bbox 439 3042 567 3105; x_wconf 80' lang='lat' dir='ltr'><strong>conatus</strong></span> <span class='ocrx_word' id='word_1_110' title='bbox 588 3058 645 3100; x_wconf 93' lang='lat' dir='ltr'><strong>non</strong></span> <span class='ocrx_word' id='word_1_111' title='bbox 669 3041 818 3118; x_wconf 91' lang='lat' dir='ltr'><strong>poeniteat</strong></span> <span class='ocrx_word' id='word_1_112' title='bbox 840 3042 960 3119; x_wconf 85' lang='lat' dir='ltr'><strong>votique</strong></span> <span class='ocrx_word' id='word_1_113' title='bbox 982 3033 1117 3119; x_wconf 76' lang='lat' dir='ltr'><strong>peracti?</strong></span> 
     </span>
    </p>

    <p class='ocr_par' dir='ltr' id='par_1_19' title="bbox 438 3122 1096 3204">
     <span class='ocr_line' id='line_1_23' title="bbox 438 3122 1096 3204; baseline -0.014 -14"><span class='ocrx_word' id='word_1_114' title='bbox 438 3128 582 3190; x_wconf 76' lang='lat' dir='ltr'><strong>Euenore</strong></span> <span class='ocrx_word' id='word_1_115' title='bbox 605 3123 707 3186; x_wconf 89' lang='lat' dir='ltr'><strong>domos</strong></span> <span class='ocrx_word' id='word_1_116' title='bbox 734 3134 810 3185; x_wconf 89' lang='lat' dir='ltr'><strong>totas</strong></span> <span class='ocrx_word' id='word_1_117' title='bbox 836 3122 1002 3204; x_wconf 86' lang='lat' dir='ltr'><strong>optantibus</strong></span> <span class='ocrx_word' id='word_1_118' title='bbox 1025 3122 1096 3203; x_wconf 85' lang='lat' dir='ltr'><strong>ipsis</strong></span> 
     </span>
    </p>

    <p class='ocr_par' dir='ltr' id='par_1_20' title="bbox 437 3208 1203 3289">
     <span class='ocr_line' id='line_1_24' title="bbox 437 3208 1203 3289; baseline -0.013 -15"><span class='ocrx_word' id='word_1_119' title='bbox 437 3213 473 3275; x_wconf 90' lang='lat' dir='ltr'><strong>lli</strong></span> <span class='ocrx_word' id='word_1_120' title='bbox 501 3211 618 3273; x_wconf 86' lang='lat' dir='ltr'><strong>iaciles:</strong></span> <span class='ocrx_word' id='word_1_121' title='bbox 646 3210 777 3270; x_wconf 82' lang='lat' dir='ltr'><strong>nocitura</strong></span> <span class='ocrx_word' id='word_1_122' title='bbox 799 3218 885 3289; x_wconf 71' lang='lat' dir='ltr'><strong>toga,</strong></span> <span class='ocrx_word' id='word_1_123' title='bbox 911 3208 1041 3267; x_wconf 85' lang='lat' dir='ltr'><strong>nocitura</strong></span> <span class='ocrx_word' id='word_1_124' title='bbox 1068 3214 1203 3285; x_wconf 85' lang='lat' dir='ltr'><strong>petuntur</strong></span> 
     </span>
    </p>

    <p class='ocr_par' dir='ltr' id='par_1_21' title="bbox 437 3292 1069 3371">
     <span class='ocr_line' id='line_1_25' title="bbox 437 3292 1069 3371; baseline -0.014 -12"><span class='ocrx_word' id='word_1_125' title='bbox 437 3296 553 3363; x_wconf 83' lang='lat' dir='ltr'><strong>ttttttta:</strong></span> <span class='ocrx_word' id='word_1_126' title='bbox 581 3305 696 3356; x_wconf 89' lang='lat' dir='ltr'><strong>torrens</strong></span> <span class='ocrx_word' id='word_1_127' title='bbox 720 3293 837 3355; x_wconf 85' lang='lat' dir='ltr'><strong>dicendi</strong></span> <span class='ocrx_word' id='word_1_128' title='bbox 864 3294 949 3371; x_wconf 93' lang='lat' dir='ltr'><strong>copia</strong></span> <span class='ocrx_word' id='word_1_129' title='bbox 973 3292 1069 3353; x_wconf 87' lang='lat' dir='ltr'><strong>multis</strong></span> 
     </span>
    </p>

    <p class='ocr_par' dir='ltr' id='par_1_22' title="bbox 438 3373 1430 3544">
     <span class='ocr_line' id='line_1_26' title="bbox 438 3373 1430 3445; baseline -0.009 -2"><span class='ocrx_word' id='word_1_130' title='bbox 438 3381 475 3443; x_wconf 86' lang='lat' dir='ltr'><strong>Et</strong></span> <span class='ocrx_word' id='word_1_131' title='bbox 497 3400 547 3441; x_wconf 85' lang='lat' dir='ltr'><strong>sua</strong></span> <span class='ocrx_word' id='word_1_132' title='bbox 570 3378 719 3439; x_wconf 80' lang='lat' dir='ltr'><strong>mortifera</strong></span> <span class='ocrx_word' id='word_1_133' title='bbox 743 3387 788 3439; x_wconf 88' lang='lat' dir='ltr'><strong>est</strong></span> <span class='ocrx_word' id='word_1_134' title='bbox 811 3377 959 3445; x_wconf 75' lang='lat' dir='ltr'><strong>facundia:</strong></span> <span class='ocrx_word' id='word_1_135' title='bbox 983 3375 1095 3436; x_wconf 86' lang='lat' dir='ltr'><strong>viribus</strong></span> <span class='ocrx_word' id='word_1_136' title='bbox 1117 3373 1168 3435; x_wconf 92' lang='lat' dir='ltr'><strong>ille</strong></span> <span class='ocrx_word' id='word_1_137' title='bbox 1398 3386 1430 3435; x_wconf 79' lang='lat' dir='ltr'><strong>to</strong></span> 
     </span>
     <span class='ocr_line' id='line_1_27' title="bbox 439 3459 1092 3544; baseline -0.018 -16"><span class='ocrx_word' id='word_1_138' title='bbox 439 3465 572 3529; x_wconf 77' lang='lat' dir='ltr'><strong>(ionicus</strong></span> <span class='ocrx_word' id='word_1_139' title='bbox 598 3465 684 3544; x_wconf 90' lang='lat' dir='ltr'><strong>periit</strong></span> <span class='ocrx_word' id='word_1_140' title='bbox 705 3461 938 3541; x_wconf 83' lang='lat' dir='ltr'><strong>admirandisque</strong></span> <span class='ocrx_word' id='word_1_141' title='bbox 963 3459 1092 3521; x_wconf 89' lang='lat' dir='ltr'><strong>lacertis.</strong></span> 
     </span>
    </p>

    <p class='ocr_par' dir='ltr' id='par_1_23' title="bbox 438 3545 1137 3631">
     <span class='ocr_line' id='line_1_28' title="bbox 438 3545 1137 3631; baseline -0.014 -19"><span class='ocrx_word' id='word_1_142' title='bbox 438 3549 499 3612; x_wconf 89' lang='lat' dir='ltr'><strong>Sed</strong></span> <span class='ocrx_word' id='word_1_143' title='bbox 523 3550 624 3631; x_wconf 87' lang='lat' dir='ltr'><strong>plnres</strong></span> <span class='ocrx_word' id='word_1_144' title='bbox 646 3547 731 3609; x_wconf 88' lang='lat' dir='ltr'><strong>nimia</strong></span> <span class='ocrx_word' id='word_1_145' title='bbox 754 3555 896 3626; x_wconf 72' lang='lat' dir='ltr'><strong>congesta</strong></span> <span class='ocrx_word' id='word_1_146' title='bbox 920 3545 1044 3623; x_wconf 87' lang='lat' dir='ltr'><strong>pecunia</strong></span> <span class='ocrx_word' id='word_1_147' title='bbox 1069 3560 1137 3603; x_wconf 89' lang='lat' dir='ltr'><strong>cura</strong></span> 
     </span>
    </p>

    <p class='ocr_par' dir='ltr' id='par_1_24' title="bbox 438 3627 1329 3797">
     <span class='ocr_line' id='line_1_29' title="bbox 438 3627 1329 3713; baseline -0.011 -18"><span class='ocrx_word' id='word_1_148' title='bbox 438 3634 604 3713; x_wconf 69' lang='lat' dir='ltr'><strong>strangulat</strong></span> <span class='ocrx_word' id='word_1_149' title='bbox 627 3642 656 3694; x_wconf 92' lang='lat' dir='ltr'><strong>et</strong></span> <span class='ocrx_word' id='word_1_150' title='bbox 681 3641 783 3693; x_wconf 87' lang='lat' dir='ltr'><strong>cuncta</strong></span> <span class='ocrx_word' id='word_1_151' title='bbox 808 3646 990 3708; x_wconf 82' lang='lat' dir='ltr'><strong>exsuperans</strong></span> <span class='ocrx_word' id='word_1_152' title='bbox 1015 3627 1185 3707; x_wconf 91' lang='lat' dir='ltr'><strong>patrimonia</strong></span> <span class='ocrx_word' id='word_1_153' title='bbox 1212 3644 1329 3699; x_wconf 85' lang='lat' dir='ltr'><strong>census,</strong></span> 
     </span>
     <span class='ocr_line' id='line_1_30' title="bbox 440 3712 1192 3797; baseline -0.012 -19"><span class='ocrx_word' id='word_1_154' title='bbox 440 3715 554 3791; x_wconf 82' lang='lat' dir='ltr'><strong>Quanto</strong></span> <span class='ocrx_word' id='word_1_155' title='bbox 581 3717 726 3797; x_wconf 84' lang='lat' dir='ltr'><strong>delphinis</strong></span> <span class='ocrx_word' id='word_1_156' title='bbox 748 3715 882 3776; x_wconf 84' lang='lat' dir='ltr'><strong>ballaena</strong></span> <span class='ocrx_word' id='word_1_157' title='bbox 908 3712 1070 3773; x_wconf 87' lang='lat' dir='ltr'><strong>Britannica</strong></span> <span class='ocrx_word' id='word_1_158' title='bbox 1092 3712 1192 3771; x_wconf 92' lang='lat' dir='ltr'><strong>maior.</strong></span> 
     </span>
    </p>
   </div>
   <div class='ocr_carea' id='block_1_10' title="bbox 0 0 1722 4575">
    <p class='ocr_par' dir='ltr' id='par_1_25' title="bbox 0 0 1722 4575">
     <span class='ocr_line' id='line_1_31' title="bbox 0 0 1722 4575; baseline 0 0"><span class='ocrx_word' id='word_1_159' title='bbox 0 0 1722 4575; x_wconf 95' lang='lat' dir='ltr'><strong> </strong></span> 
     </span>
    </p>
   </div>
  </div>
 </body>
</html>
