3434 4575
580 453 919 514 EP1GRAMMATON
930 454 1003 517 LIB.
1018 457 1069 519 IV.
1305 458 1347 524 87

790 655 857 718 XV.

386 770 479 832 Mille
495 772 555 831 tibi
569 790 707 830 nummos
722 771 871 830 hesterna
884 770 955 831 luce
969 772 1090 848 roganti
1119 822 1126 834 .

430 857 463 915 In
480 875 533 915 sex
548 861 600 914 aut
615 860 750 934 septem,
773 854 965 932 caeciliane,
986 853 1069 931 dies,

386 941 481 1019 „Non
495 939 618 999 hobeo“
634 938 711 998 diui:
733 938 789 998 sed
804 944 838 998 tu
853 945 992 999 causatus
1008 938 1096 997 amici

428 1023 603 1084 Adventum
616 1022 734 1082 lancem
750 1042 908 1103 paucaque
922 1042 992 1082 vasa
1005 1041 1102 1100 rogas.

359 1107 507 1170 §Stultus
522 1108 578 1167 es?
600 1127 638 1168 an
653 1106 782 1167 stultum
796 1125 845 1167 me
862 1106 981 1185 credis,
1004 1106 1123 1166 amice?
1142 1108 1251 1186 negavi
1362 1156 1369 1169 .

428 1190 521 1253 MiIIe
535 1193 592 1251 tibi
607 1211 761 1270 nummos,
784 1190 869 1251 milia
886 1193 1020 1270 quinque
1037 1189 1137 1250 dabo?

781 1325 862 1388 xvl.

386 1439 563 1516 Privignum
577 1457 640 1497 non
656 1456 725 1497 esse
742 1445 812 1497 tuae
827 1443 877 1514 te,
900 1435 1006 1514 Galle,
1028 1456 1179 1498 novercae

426 1521 543 1582 Rumor
559 1528 643 1600 erut,
666 1523 798 1581 coniunx
813 1521 884 1580 dum
898 1521 958 1579 fuit
973 1520 1028 1580 illo
1040 1523 1148 1600 patris.

385 1606 454 1679 Non
470 1612 573 1666 tamen
588 1607 648 1664 hoc
663 1612 789 1685 poterat
802 1606 869 1665 vivo
887 1606 1029 1683 genitore
1042 1608 1177 1685 probari

428 1692 488 1749 Iam
503 1709 651 1769 nusquam
666 1696 757 1769 pater
773 1697 839 1767 est,
861 1687 968 1767 Galle,
990 1707 1124 1749 noverca
1139 1690 1221 1751 domi
1237 1698 1298 1753 est.

360 1775 518 1852 bItIagnus
534 1776 571 1833 ab
589 1774 721 1833 infernis
737 1780 902 1834 revocetur
919 1771 1041 1832 'Pullius
1056 1774 1171 1834 umbris

425 1859 467 1919 Et
485 1864 518 1918 te
533 1856 682 1917 defendat
699 1856 835 1935 Regulus
849 1858 918 1937 ipse
932 1855 1026 1934 licet,

384 1943 453 2002 Non
467 1949 557 2021 potes
572 1940 703 2001 absolvi:
727 1961 797 2001 nam
814 1959 892 2021 quae
908 1959 969 2000 non
986 1939 1102 1999 desinit
1117 1959 1186 2001 esse

426 2027 502 2086 Post
519 2034 657 2107 patrem,
679 2045 850 2105 nunquam,
874 2022 981 2103 Galle,
1001 2042 1133 2084 noverca
1148 2026 1217 2088 fuit.

770 2159 864 2221 XVII.

383 2274 503 2336 Facere
518 2274 551 2333 in
565 2271 740 2352 Lyciscam,
760 2272 872 2352 Paule,
890 2293 939 2335 me
952 2274 1041 2335 iubes
1056 2294 1179 2354 uersus,

385 2360 502 2437 Quibus
517 2356 571 2417 illa
588 2356 681 2418 lectis
694 2360 804 2417 rubeat
820 2364 852 2417 et
867 2360 908 2419 sit
922 2361 1010 2421 irata.

384 2444 411 2504 0
426 2440 538 2521 Paule,
562 2440 657 2501 maius
673 2461 721 2502 es:
742 2443 895 2502 irrumare
910 2444 955 2503 vis
973 2443 1064 2507 solur.
1185 2506 1189 2513 ,

773 2590 879 2654 XVIII.

385 2706 453 2781 Qua
469 2705 570 2763 uicino
583 2702 663 2783 pluit
678 2704 822 2784 Vipsanis
837 2709 928 2783 porta
943 2703 1092 2765 columnis

425 2789 467 2848 Et
482 2787 586 2848 madet
601 2788 722 2848 assiduo
737 2786 874 2847 lubricus
887 2788 986 2847 imbre
999 2787 1094 2869 Iapis,

383 2873 418 2932 ln
435 2871 572 2951 iugulum
585 2874 694 2952 pueri,
717 2873 769 2952 qui
783 2870 906 2931 roscido
919 2877 1003 2931 tecte
1017 2875 1155 2953 subibat,

426 2955 550 3017 Decidit
563 2957 694 3017 hiberno
712 2957 889 3037 praegravis
904 2956 986 3018 unda
1001 2957 1087 3036 gelu:

359 3041 524 3120 boumque
539 3042 715 3121 peregisset
728 3041 833 3100 miseri
849 3039 988 3101 crudelia
1003 3043 1083 3120 fata,

428 3126 543 3185 Tabuit
558 3128 590 3185 in
607 3125 707 3185 calido
722 3124 851 3185 vulnere
866 3144 972 3185 mucro
988 3132 1088 3187 tener.

386 3208 467 3286 Quid
479 3230 543 3269 non
557 3228 646 3269 saeva
661 3210 721 3269 sibi
735 3208 832 3269 voluit
846 3208 987 3271 Fortuna
1001 3209 1121 3270 licere?

426 3296 488 3353 Aut
501 3296 555 3354 ubi
569 3313 632 3354 non
646 3313 729 3353 mors
745 3299 808 3371 est,
830 3294 856 3353 si
870 3292 1015 3372 iugulatis
1030 3283 1173 3374 aquaei'

780 3428 860 3488 XIII.

381 3541 470 3600 IIanc
484 3541 542 3600 tibi
558 3540 748 3619 Sequanicae
762 3542 908 3620 pinguem
922 3543 1063 3601 textricis
1078 3538 1244 3618 alumnam,

427 3625 513 3700 Quae
527 3624 804 3685 Lacedaemonium
817 3626 949 3686 barbara
963 3645 1075 3685 nomen
1091 3627 1202 3703 habet,

385 3707 536 3788 Sordida,
559 3707 617 3769 sed
630 3709 733 3787 gelido
747 3729 809 3771 nou
825 3709 1019 3791 aspernanda
1036 3711 1202 3770 Decembri
