3434 4575
597 472 938 533 EPlGRAMMA'l'ON
949 473 1022 534 Llli.
1037 474 1087 535 XI.
1300 477 1364 540 aba

810 672 871 733 LIl.

404 789 537 850 Cenabis
552 784 654 864 belle,
677 784 735 844 luli
751 784 911 864 Cerealis,
933 786 1013 865 apud
1029 805 1094 863 me;

445 871 591 933 (lauditio
606 875 655 929 est
671 870 782 929 melior
797 871 824 928 si
837 872 897 929 tibi
910 869 1010 947 nulla,
1032 872 1111 931 veni.

404 957 547 1018 Octavam
563 955 682 1034 poteris
698 972 841 1027 servare3
862 953 1031 1014 lavabimur
1045 974 1122 1014 uua:

446 1042 529 1117 Seis,
553 1058 642 1118 quam
657 1039 720 1096 sint
736 1036 886 1116 Stephani
902 1036 1014 1098 balnea
1027 1039 1130 1098 iuncta
1144 1040 1228 1102 mihi.

380 1125 507 1186 5Prima
522 1123 580 1183 tibi
594 1121 718 1180 dabitur
732 1122 835 1180 ventri
849 1121 970 1182 lactuca
983 1123 1134 1183 movendo

443 1206 554 1285 Utilis,
575 1212 608 1265 et
623 1207 726 1285 porris
741 1205 792 1264 iila
806 1212 929 1265 resecta
944 1207 1015 1268 suis.

404 1293 479 1351 Mox
492 1296 581 1349 vetus
597 1295 631 1348 et
644 1290 731 1348 tenui
746 1290 843 1348 maior
859 1288 985 1368 cordyla
999 1288 1137 1368 lacerto,

447 1374 510 1434 Sed
526 1393 615 1452 quam
631 1392 698 1431 cum
713 1379 802 1432 rutae
817 1372 981 1433 frondibus
997 1394 1052 1434 ova
1066 1381 1182 1453 tegant.

404 1457 514 1519 Altera
528 1476 590 1515 non
606 1454 739 1515 deerunt
753 1459 840 1516 tenui
855 1464 978 1517 versata
992 1456 1099 1518 favilla

361 1554 395 1606 10
442 1543 484 1602 Et
498 1538 683 1602 Velabrensi
697 1561 795 1601 massa
812 1549 918 1601 coacta
932 1542 1019 1617 foco;

401 1629 442 1686 nt
457 1645 535 1704 quae
551 1626 698 1684 Picenum
716 1632 882 1684 senserunt
894 1626 992 1702 frigus
1008 1624 1115 1686 olivae.

444 1711 530 1769 llaec
546 1709 620 1768 satis
635 1710 668 1767 in
683 1715 782 1785 gustu.
813 1708 928 1768 Cetera
942 1727 1034 1768 nosse
1048 1709 1157 1789 cupis?

401 1794 554 1870 Mentior,
575 1800 610 1851 ut
624 1792 745 1851 venias:
769 1794 887 1870 pisces,
910 1792 1087 1871 conchylia,
1110 1811 1216 1852 sumen

443 1878 484 1936 Et
500 1877 617 1946 chortis
632 1881 751 1934 saturas
766 1882 859 1952 atque
874 1873 996 1954 paludis
1013 1895 1099 1953 aves,

361 1963 487 2038 15Quae
502 1980 560 2020 nec
576 1957 677 2019 Stella
692 1958 773 2018 solet
785 1979 856 2018 rara
869 1960 930 2018 nisi
945 1977 1064 2036 ponere
1080 1978 1165 2021 cena.

444 2044 518 2105 Plus
534 2064 591 2123 ego
608 2041 775 2122 polliceor:
796 2041 842 2101 nil
858 2044 997 2102 recitabo
1013 2044 1079 2103 tibi.

401 2131 471 2210 lpse
486 2136 555 2189 tuos
574 2130 663 2188 nobis
679 2126 800 2205 relegas
814 2125 893 2186 licet
909 2145 1007 2204 usque
1025 2127 1188 2206 Gigantas,

441 2215 525 2273 Rura
539 2211 590 2273 vel
605 2218 732 2272 aeterno
746 2212 885 2292 proxima
899 2210 1051 2290 Vergilio.

798 2346 874 2408 Llll.

406 2457 536 2519 Claudia
551 2458 702 2519 caeruleis
717 2479 785 2519 cum
799 2463 841 2519 sit
855 2462 965 2520 Rufina
978 2462 1135 2522 Britannis

445 2541 554 2619 Edita,
576 2563 664 2621 quam
677 2543 784 2604 Latiae
799 2552 928 2623 pectora
943 2546 1168 2622 gentishabeti

403 2625 502 2703 Quale
518 2626 611 2686 decus
626 2628 761 2686 formae!
790 2629 957 2688 Romanam
973 2629 1106 2689 credere
1120 2636 1235 2689 matres

444 2709 571 2771 italides
585 2718 729 2791 possunt,
755 2711 902 2771 Atthides
918 2730 988 2771 esse
1003 2732 1095 2771 suam.

380 2796 443 2855 soi
458 2797 555 2874 bene,
579 2793 661 2873 quod
675 2802 783 2859 sancto
795 2796 921 2874 peperit
935 2794 1068 2855 fecunda
1083 2798 1209 2875 marito,

444 2879 533 2955 Quod
548 2885 654 2959 sperat
667 2898 798 2957 generos
814 2876 958 2955 quodque
975 2879 1079 2959 puella
1093 2899 1196 2939 nurus.

403 2962 453 3022 Sic
467 2963 588 3043 placeat
602 2964 741 3042 superis,
762 2967 797 3019 ut
813 2963 943 3039 coniuge
958 2962 1090 3041 gaudeat
1105 2983 1165 3023 uno

441 3048 483 3105 nt
496 3066 620 3127 semper
634 3047 714 3105 natis
730 3042 862 3123 gaudeat
874 3044 931 3104 illa
947 3048 1056 3108 tribus.

802 3179 880 3241 LIV.

400 3295 564 3370 Unguenta
579 3300 612 3353 et
628 3296 724 3354 casias
740 3301 773 3355 ct
788 3294 926 3355 olentem
939 3296 1050 3355 funera
1064 3297 1220 3375 myrrham

443 3377 590 3453 Turaque
605 3375 644 3435 de
659 3376 761 3437 medio
776 3379 990 3437 semicremata
1004 3398 1096 3457 rogo,

400 3460 442 3517 Et
457 3478 534 3536 quae
549 3458 588 3517 de
606 3460 713 3537 Stygio
727 3461 857 3539 rapuisti
873 3462 1012 3521 cinnama
1024 3460 1127 3539 lecto,

443 3542 586 3620 Improbe
603 3541 642 3601 de
657 3544 756 3622 turpi,
780 3541 887 3621 Zoile,
908 3543 1007 3605 redde
1023 3547 1100 3606 sinu.

379 3626 430 3686 5A
446 3625 577 3703 pedibus
593 3624 732 3686 didicere
749 3647 854 3687 manus
870 3646 1001 3708 peccare
1019 3642 1193 3710 protervae.

443 3709 512 3769 Non
527 3711 623 3770 miror
638 3711 756 3790 furem,
780 3712 832 3791 qui
846 3713 992 3790 fugitivus
1010 3732 1089 3779 eras.
