3434 4575
595 466 935 527 EPIGRAMMATON
951 467 1026 528 LlB.
1043 468 1080 529 X.
1296 465 1359 530 245

381 612 514 694 5Κύριε
525 637 608 695 μου,
631 613 703 694 μέλι
720 636 801 695 μου,
824 611 913 696 ψυχή
931 637 996 695 μου
1013 619 1154 696 congeris
1170 639 1285 698 usquc,

444 703 507 762 Pro
522 700 637 781 pudor!
665 698 821 761 Hersiliae
836 702 910 760 civis
926 708 959 761 et
973 702 1114 779 Egeriae.

401 784 550 847 Lectulus
564 786 619 843 has
634 804 741 861 voces,
761 803 820 844 nec
835 783 969 845 lectulus
985 785 1089 845 audiat
1103 787 1218 863 omnis,

445 869 508 930 Sed
526 887 615 948 quem
632 867 745 927 lascivo
761 869 869 928 stravit
883 871 979 928 amica
993 869 1069 929 viro.

402 955 491 1014 Scire
507 954 593 1032 cupis
610 971 669 1030 quo
684 958 767 1011 casta
781 951 872 1012 modo
887 959 1026 1012 matrona
1038 951 1193 1033 loquaris:

362 1049 394 1100 10
442 1035 613 1116 Numquid,
635 1055 702 1095 cum
718 1037 844 1113 crissas,
867 1035 1008 1097 blandior
1025 1055 1094 1096 esse
1131 1037 1220 1096 otes‘l

402 1122 454 1181 Tu
467 1119 545 1180 licet
559 1119 678 1179 ediscas
693 1125 789 1179 totam
803 1120 985 1201 referasque
1001 1058 1189 1199 Corintdlon‚

446 1205 515 1264 Non
533 1210 636 1263 tamen
651 1204 790 1280 omnino,
812 1202 933 1283 Laelia,
954 1204 1026 1264 Lais
1042 1206 1113 1265 eris.

783 1337 890 1397 LXIX.

402 1450 556 1513 Custodes
571 1450 640 1528 das,
660 1450 765 1527 Polla,
786 1454 870 1529 viro,
893 1472 954 1512 non
969 1453 1082 1532 accipis
1097 1453 1171 1532 ipsa.

443 1536 511 1595 Hoc
526 1540 574 1595 est
588 1553 714 1594 uxorem
730 1534 861 1612 ducere,
883 1535 988 1610 Polla,
1010 1538 1116 1596 virum.

794 1668 887 1729 Lxx.

404 1777 494 1854 Quod
508 1780 583 1838 mihi
597 1779 647 1836 vix
662 1797 739 1836 unus
755 1785 820 1838 toto
834 1778 917 1838 liber
933 1788 1022 1840 exeat
1036 1799 1131 1857 anno,

443 1862 587 1922 Desidiae
604 1863 661 1920 tibi
676 1881 758 1937 sum,
782 1861 873 1921 docte
889 1862 1010 1940 Potite,
1033 1882 1115 1927 reus.

402 1946 513 2005 Iustius
529 1953 561 2005 at
576 1946 838 2024 quantomirere,
862 1945 944 2024 quod
959 1953 1049 2006 exeat
1062 1967 1156 2025 unus,

442 2029 598 2089 Labantur
613 2030 672 2087 toti
687 2048 754 2086 cum
770 2029 845 2087 mihi
862 2048 954 2108 saepe
970 2029 1045 2090 dies.

375 2114 466 2174 5Non
483 2114 688 2174 resalutantes
702 2111 792 2171 video
807 2119 975 2173 nocturnus
991 2114 1119 2187 amicos,

441 2196 591 2257 Gratulor
606 2204 639 2256 et
653 2195 774 2270 multis;
796 2215 904 2275 nemo,
927 2197 1047 2274 Potite,
1070 2199 1155 2260 mihi.

398 2280 486 2340 Nunc
502 2279 539 2340 ad
553 2281 713 2341 luciferam
727 2283 828 2360 signat
840 2300 908 2342 mea
922 2301 1041 2360 gemma
1055 2283 1197 2357 Dianam,

444 2363 532 2422 Nune
547 2383 596 2422 me
610 2367 708 2443 prima
724 2367 799 2443 sihi,
821 2386 902 2425 nunc
917 2368 976 2427 sibi
991 2369 1098 2446 quinta
1113 2367 1202 2445 rapit.

401 2445 490 2505 Nunc
506 2446 613 2506 consul
627 2452 791 2525 praetorve
806 2458 895 2510 tenet
908 2450 1102 2530 reducesque
1118 2452 1265 2525 choreae,

361 2540 394 2592 10
442 2529 576 2590 Auditur
591 2536 657 2590 tota
671 2549 763 2610 saepe
778 2540 871 2612 poeta
884 2533 945 2597 die.

400 2613 464 2673 Sed
478 2632 537 2674 uec
552 2614 705 2675 causidico
719 2618 818 2695 possis
834 2619 959 2696 impunc
974 2635 1104 2695 negare,

442 2698 507 2758 Nec
522 2699 548 2758 si
563 2706 595 2759 tc
611 2700 720 2759 rhetor
732 2703 983 2778 grammaticusve
998 2706 1124 2777 rogent:

400 2781 514 2841 Balnea
531 2789 601 2862 post
616 2783 764 2843 decimam
778 2784 858 2844 lasso
875 2790 1059 2860 centumque
1076 2788 1224 2862 petuntur

443 2866 642 2943 quadrantes.
669 2867 742 2927 Fiet
756 2866 896 2947 quando,
918 2866 1038 2943 Potite,
1059 2865 1163 2926 liber?

782 2999 888 3059 Lxxi.

399 3111 544 3189 Quisquis
559 3110 642 3171 laeta
656 3113 717 3170 tuis
734 3118 767 3170 et
780 3129 851 3170 sera
866 3113 1046 3191 parentibus
1062 3116 1149 3192 optas

439 3194 532 3271 Fata,
553 3196 680 3254 brevem
695 3192 819 3253 titulum
833 3197 994 3255 marmoris
1009 3197 1099 3255 huius
1114 3213 1188 3254 ama.

397 3276 547 3337 Condidit
561 3279 619 3336 hac
636 3297 721 3337 caras
737 3276 852 3336 tellure
866 3279 1009 3338 Rabirius
1023 3279 1161 3337 umbras:

438 3359 524 3418 Nulli
541 3367 626 3419 sorte
642 3362 746 3420 iacent
760 3359 939 3420 candidiore
956 3379 1057 3424 senes.

372 3442 451 3501 5Bis
466 3461 521 3502 sex
536 3441 636 3502 lustra
650 3445 712 3503 tori
729 3463 789 3503 nox
802 3445 887 3503 mitis
903 3451 935 3503 et
948 3442 1054 3505 ultima
1069 3441 1178 3518 clusit,

440 3527 595 3585 Arserunt
610 3545 670 3586 uno
685 3527 796 3587 funera
813 3529 883 3587 bina
898 3547 983 3606 rogo.
1060 3527 1070 3547 '

395 3607 462 3668 Hos
476 3617 578 3668 tamen
594 3617 628 3669 ut
641 3612 749 3690 primis
764 3620 869 3691 raptos
884 3612 942 3672 sibi
958 3613 1079 3690 quaerit
1093 3612 1125 3670 in
1140 3608 1236 3669 annis.

438 3692 610 3772 improbius
625 3694 705 3753 nihil
719 3696 768 3755 his
783 3696 908 3755 fletibus
924 3713 993 3755 esse
1007 3701 1121 3777 potest.
