3434 4575
569 474 914 536 EPIGRAMMATON
930 474 1005 570 ffll·
1024 477 1076 539 IV.
1198 481 1201 486 '
1305 478 1344 553 91

367 627 456 691 used
472 636 506 687 tu
521 645 633 685 nomen
650 627 746 686 habes
762 645 869 686 averso
884 627 973 686 sonte
988 645 1129 702 sororurn

430 712 625 791 Impositum,
647 719 745 770 mater
761 709 844 788 quod
857 711 916 769 tihi
932 709 1008 771 dura
1024 711 1128 786 dedit;

390 795 480 873 Quod
494 814 552 854 nec
566 793 782 875 Melpomene,
805 793 888 873 quod
902 813 961 854 nee
976 793 1180 875 Polyhymnia
1192 799 1307 879 possit,
1404 854 1407 862 .

431 880 496 940 Nee
511 881 562 958 piu
578 900 645 939 eum
662 879 789 939 Phoebo
803 877 910 950 dicere
926 876 1076 959 Calliope.

388 965 472 1041 Ergo
488 961 612 1041 aliquod
629 970 748 1042 gratum
763 963 864 1023 Musis
874 963 933 1022 tibi
946 982 1059 1022 nomen
1074 963 1201 1046 adopta:

346 1057 382 1110 10
432 1049 500 1108 Non
515 1066 638 1127 semper
650 1044 736 1107 helle
754 1044 868 1107 dieitur
884 1046 1133 1128 „Ilippodame.“

767 1180 890 1244 XXXII.

389 1296 431 1354 lit
443 1292 523 1354 latet
539 1303 571 1355 et
584 1293 671 1355 lueet
683 1293 916 1355 Phaethontide
932 1293 1056 1354 condita
1071 1301 1172 1374 gutta,

433 1378 476 1438 Ut
489 1379 631 1439 videatur
644 1380 709 1459 apia
724 1385 851 1440 nectare
867 1376 952 1438 elusa
967 1397 1032 1439 suo.

389 1462 521 1540 Dignum
536 1470 694 1525 tantorum
706 1464 842 1543 pretium
858 1461 931 1522 tulit
944 1459 998 1521 illa
1011 1460 1168 1522 laborum:

434 1545 593 1608 Credibile
608 1555 658 1607 est
672 1548 770 1628 ipsam
785 1548 830 1607 sie
845 1544 980 1606 voluisse
995 1546 1083 1607 mori.

693 1688 696 1693 '
758 1680 894 1742 XXXIII.

389 1789 488 1850 Plena
501 1789 650 1851 laboratis
666 1793 780 1852 habeas
796 1811 864 1851 eum
878 1795 992 1852 serinia
1003 1791 1108 1871 libris,

432 1875 557 1934 Emittis
573 1895 686 1953 quare,
709 1875 886 1952 Sosibiane,
908 1872 1011 1936 amitt

390 1957 517 2038 „Edant
531 1957 689 2020 heredes“
703 1961 806 2038 inqui·
822 1978 912 2034 „mea
931 1961 1099 2022 earmina.“
1124 1957 1276 2037 Quando?

433 2042 571 2123 Tempus
586 2052 654 2103 erat
667 2046 728 2104 iam
743 2053 791 2123 te,
815 2043 994 2122 Sosibiaue,
1015 2043 1088 2124 legi.

752 2177 891 2239 XXXIV.

390 2287 524 2350 Sordida
538 2311 607 2352 eum
623 2295 679 2354 tibi
696 2296 754 2372 slt,
774 2313 882 2355 verum
895 2302 1016 2373 tamen,
1037 2294 1161 2373 Attale,
1184 2291 1277 2371 dixit,

434 2376 579 2456 QuisquIs
594 2383 626 2437 te
639 2379 758 2438 niveam
774 2378 851 2438 dixit
865 2379 982 2440 habere
1000 2386 1111 2458 togam.

762 2511 888 2576 XXXV.

388 2624 558 2685 Frontibus
576 2623 713 2685 adversis
728 2623 838 2686 molles
852 2645 1041 2687 eoneurrere
1055 2625 1188 2688 dammas

432 2707 574 2769 Vidimus
590 2716 624 2769 et
636 2710 693 2768 fati
707 2716 792 2769 sorte
806 2711 910 2770 iacere
927 2712 1005 2789 pari.

391 2792 579 2872 Spectavere
595 2811 686 2853 canes
700 2792 846 2873 praedam
861 2795 1041 2874 stupuitque
1056 2795 1207 2875 superbus

433 2875 590 2955 Venator,
611 2875 713 2937 cultro
727 2876 774 2937 nil
788 2896 955 2959 superesse
969 2896 1032 2941 suo.

358 2966 376 3015 5
388 2958 480 3019 Unde
493 2959 579 3022 leves
596 2962 714 3021 auinaue
728 2968 814 3022 tanto
828 2959 954 3021 caluere
968 2963 1099 3023 furore?

432 3043 484 3103 Sie
497 3053 634 3124 pugnant
649 3047 745 3125 tauri,
764 3047 809 3106 sle
823 3046 967 3106 cecidere
981 3048 1049 3107 viri.

757 3194 895 3257 XXXVI.

391 3304 475 3364 Cana
488 3312 538 3366 est
550 3308 646 3367 barba
660 3309 735 3388 tibi,
753 3311 842 3385 nigra
856 3315 905 3368 est
921 3328 1021 3368 eoma:
1042 3309 1165 3386 tIngere
1182 3306 1306 3365 barbam

429 3388 499 3447 Non
512 3397 620 3469 potes,
642 3392 720 3452 haee
735 3412 825 3453 eausa
840 3400 903 3451 est:
926 3391 983 3452 sed
997 3400 1105 3472 potes,
1127 3389 1202 3468 ote,
1220 3409 1335 3450 comam

747 3512 900 3589 xxxva.

389 3634 544 3709 „Centum
557 3637 696 3697 Coranus
711 3645 744 3699 et
760 3637 894 3700 ducenta
906 3640 1085 3716 Mancinus,

389 3717 548 3777 'l'reeenta
564 3718 659 3779 debet
674 3721 792 3800 Titius,
813 3724 874 3782 hoe
890 3724 938 3785 bis
953 3722 1099 3801 Albinus,
