3434 4575
384 450 447 518 296
708 450 751 511 Μ.
767 450 859 513 VAL.
875 450 1102 512 MARTIALIS

510 603 579 663 Non
595 604 657 662 erit
669 604 702 663 in
719 603 826 681 Stygia
839 603 944 662 notior
963 603 1069 660 umbra
1084 600 1193 666 domo.
1293 656 1295 662 s

469 688 537 747 Non
553 685 655 745 aliena
668 684 770 763 videt,
792 684 849 746 sed
863 693 943 744 amat
957 686 1151 765 Proserpina
1163 694 1303 768 raptast

510 771 572 831 lste
586 772 644 830 tibi
659 768 812 830 dominam
827 767 1002 830 conciliavit
1016 788 1110 830 amor.

868 903 942 963 Llll.

468 1016 590 1075 Nummi
604 1034 672 1074 cum
686 1016 744 1075 tihi
758 1016 821 1075 sint
835 1032 973 1093 opesque
987 1019 1109 1092 tautae,

471 1100 605 1174 Quantas
621 1100 695 1158 civis
710 1100 822 1177 habet,
844 1099 996 1175 Paterae,
1017 1117 1123 1175 rarus,

468 1184 607 1261 Largiris
619 1182 700 1242 nihil
714 1184 904 1262 incubasque
920 1199 1028 1260 gazae,

469 1268 513 1328 Ut
526 1286 652 1345 magnus
669 1265 778 1342 draco,
802 1285 892 1344 quem
908 1271 1020 1324 canunt
1033 1271 1148 1345 poetae

448 1350 640 1412 scustodem
656 1351 795 1431 Scythici
807 1351 904 1410 luisse
919 1349 991 1413 luci.

470 1433 534 1494 Sed
550 1455 655 1512 causa,
676 1443 711 1495 ut
726 1453 877 1494 memoras
893 1440 925 1492 et
941 1435 1008 1513 ipse
1022 1432 1135 1510 iactas,

470 1520 563 1578 Dirae
577 1517 660 1577 iilius
675 1537 709 1577 es
724 1519 909 1596 rapacitatis.

469 1599 590 1681 Ecquid
606 1608 639 1662 tu
654 1603 755 1661 fatuos
769 1599 925 1679 rudesque
941 1599 1080 1679 quaeris,

469 1684 583 1745 illudas
601 1687 710 1765 quibua
726 1685 910 1762 auferasque
925 1683 1083 1743 mentem?

430 1781 463 1833 10
471 1770 551 1830 Huic
566 1788 691 1851 semper
704 1770 780 1830 vitio
795 1774 886 1849 pater
899 1768 995 1829 inisti.

866 1901 943 1964 LlV.

471 2018 566 2077 Crine
581 2018 693 2095 ruber,
713 2018 803 2095 niger
818 2034 889 2093 ore,
911 2015 1014 2090 brevis
1028 2010 1127 2094 pede,
1149 2010 1286 2080 lumine
1300 1971 1414 2102 laessi,

512 2101 589 2161 Rem
603 2120 740 2179 magnam
753 2107 910 2181 praestas,
932 2097 1039 2176 Zoile,
1061 2098 1088 2157 si
1101 2097 1209 2159 bonus
1225 2119 1278 2167 es.

877 2232 940 2294 LV.

474 2346 578 2406 Gratis
596 2345 648 2423 qui
664 2341 739 2402 dare
754 2362 808 2402 vos
821 2344 925 2421 iubet,
945 2343 1085 2424 puellae,

471 2427 694 2489 Insulsissimus
709 2427 1014 2507 improbissimnsque
1030 2434 1087 2490 est.

473 2512 578 2572 Gratis
592 2530 633 2569 ne
650 2508 738 2588 date,
760 2512 877 2571 basiate
894 2513 998 2590 gratis.

471 2596 540 2654 Hoc
554 2594 653 2673 Aegle
668 2600 776 2673 negat,
797 2596 857 2654 hoc
872 2615 960 2655 avara
973 2593 1089 2657 vendit.

435 2679 534 2756 5[Sed
547 2679 661 2739 vendat
676 2680 774 2756 bene,
796 2680 916 2739 basiare
933 2685 1077 2756 quantum
1092 2677 1163 2738 est?

472 2764 541 2824 Hoc
555 2762 662 2825 vendit
678 2781 800 2842 quoqne
815 2781 874 2821 nec
888 2762 950 2822 levi
967 2764 1074 2842 rapina
1081 2762 1102 2840 3]

471 2849 534 2908 Aut
547 2847 658 2908 libram
674 2847 755 2926 petit
766 2845 820 2906 illa
835 2847 1007 2923 Cosmiani,

472 2933 534 2992 Aut
549 2932 639 2991 binos
654 2935 764 3008 quater
779 2951 796 2990 a
809 2950 888 2990 nova
901 2937 1038 2990 moneta:

472 3015 519 3075 Ne
534 3015 597 3074 sint
611 3015 695 3073 basia
709 3019 792 3073 muta
807 3033 865 3074 nec
881 3012 1029 3092 maligna,

432 3099 537 3161 10Nec
552 3098 644 3157 clusis
664 3094 779 3157 aditum
793 3104 889 3176 neget
902 3096 1036 3157 labellis.

472 3181 613 3240 Humane
628 3187 732 3240 tamen
745 3181 805 3240 hoc
818 3182 910 3260 facit,
933 3180 989 3242 sed
1003 3199 1110 3239 nnuma

474 3265 578 3325 Gratis
594 3283 671 3344 quae
688 3262 762 3324 dare
777 3266 895 3326 basium
908 3270 1047 3342 recusat,

473 3349 578 3410 Gratis
590 3347 713 3428 lingere
728 3367 787 3408 nec
802 3355 927 3410 recusat
942 3347 1050 3428 Aegle.

744 3471 747 3476 ’
870 3483 949 3545 LVI.

387 3579 389 3582 ⁵
474 3595 626 3672 Aegrotas
640 3615 700 3656 uno
719 3594 846 3657 deciens
862 3600 914 3655 aut
927 3596 1049 3674 saepius
1065 3612 1160 3670 anuo,

514 3678 580 3739 Nec
593 3679 669 3758 tibi,
691 3680 748 3740 scd
764 3681 854 3740 nobis
872 3681 949 3758 hoc,
971 3677 1194 3759 Polycharmo,
1216 3689 1332 3749 nocet.
