3434 4575
585 459 927 520 EPIGRAMMA'ION
940 460 1015 524 LlB.
1032 462 1081 522 XI.
1296 465 1359 529 279

783 611 892 676 XCVI
1438 567 1440 570 ·

395 727 529 804 Marcia,
549 744 611 784 non
626 724 768 803 Rhenus,
790 723 863 785 salit
877 725 943 804 hic,
965 726 1137 786 Germane:
1165 728 1239 811 quid
1255 733 1356 793 obstas

436 812 478 871 nt
492 827 622 890 puerum
635 810 785 889 prohibes
799 808 903 869 diritls
916 810 1016 869 Imbre
1030 808 1140 875 lacus?
1257 813 1260 818 ’

396 896 548 972 Barbare,
567 913 630 953 non
646 892 740 953 debet
754 895 896 954 submoto
912 893 978 953 cire
993 893 1128 954 ministri

438 979 595 1059 GaptIvam
610 977 721 1037 victrix
735 975 816 1037 unda
829 975 936 1037 levare
952 978 1044 1040 sitim.

779 1111 899 1174 xcvss.

396 1226 465 1286 Una
479 1232 571 1286 noete
587 1231 696 1307 quater
710 1245 848 1309 possum:
870 1225 927 1287 sed
943 1233 1088 1306 quattuor
1103 1226 1190 1285 annis

438 1310 472 1369 Si
486 1328 627 1390 possum,
648 1328 790 1390 peream,
811 1315 845 1370 te
860 1308 1015 1370 Telesilla
1031 1307 1136 1371 semel.

766 1444 902 1507 XCVIII.

394 1541 542 1620 Effugere
557 1549 698 1622 nonest,
713 1543 849 1621 Flacca,
871 1544 1051 1604 basiatores.

394 1626 528 1704 Instant,
550 1633 726 1706 morantur,
748 1633 971 1707 persecuntur,
995 1633 1179 1706 occurrunt,

395 1711 437 1768 nt
450 1711 522 1770 hinc
538 1717 570 1770 et
587 1709 692 1789 illiue,
714 1728 951 1789 usquequaque,
974 1728 1164 1790 quacunque.

395 1793 464 1852 Non
479 1793 566 1855 ulcus
581 1814 653 1854 acre
666 1795 845 1874 pustulaeae
860 1793 1018 1870 lucentes,

371 1876 561 1939 5Nec'triste
575 1884 711 1938 mentum
726 1876 906 1956 sordidique
922 1876 1077 1955 lichenes,

395 1961 460 2021 Nee
473 1959 560 2022 labra
572 1965 680 2105 pingui
697 1960 837 2023 delibuta
852 1967 973 2036 cerato,
1016 2027 1019 2031 ¹

395 2044 461 2105 Nec
477 2065 573 2125 conge
589 2049 631 2106 ati
646 2051 732 2125 gutta
746 2044 889 2126 proderit
903 2045 983 2104 nasia

394 2130 437 2191 Et
451 2137 641 2191 aestuantem
659 2131 778 2191 basiant
794 2135 827 2190 et
840 2127 1013 2208 algentem,

395 2214 436 2275 Et
451 2214 589 2296 nuptiale
604 2216 720 2274 basium
739 2219 959 2276 reservantem.

353 2298 463 2360 10Non
478 2305 509 2358 te
526 2298 655 2360 cucullis
675 2305 794 2360 asseret
808 2304 900 2379 caput
916 2303 1051 2375 tectum,

396 2382 523 2441 Lectica
538 2400 596 2441 nec
612 2389 644 2442 te
659 2390 724 2443 tnta
738 2382 822 2464 pelle
836 2381 987 2461 veloque,

397 2461 463 2523 Nec
478 2462 647 2524 vlndicabit
660 2464 738 2525 sella
752 2469 874 2548 saepius
890 2466 989 2526 clusa:

396 2548 499 2611 Rimas
514 2566 573 2629 per
588 2567 694 2609 omnes
708 2550 843 2611 basiator
856 2551 995 2610 intrabit.

395 2630 465 2691 Non
481 2631 657 2695 consulatus
672 2635 757 2715 ipse,
780 2654 842 2696 non
857 2635 1030 2694 tribunatus

353 2723 388 2777 15
395 2715 508 2776 Senive
522 2716 641 2796 fasces,
662 2737 720 2781 nee
734 2720 867 2799 superba
883 2715 1009 2777 clamosi

396 2800 529 2861 LIetorir
544 2803 648 2880 abIget
660 2803 745 2879 virga
759 2804 954 2862 basiatorem.

396 2883 511 2944 Sedeas
526 2886 558 2944 in
573 2884 634 2947 alto
648 2892 682 2946 tu
696 2884 773 2945 licet
787 2880 935 2945 tribunali

395 2967 437 3028 Et
451 2987 469 3028 e
489 2968 588 3029 curuli
604 2972 671 3029 tura
684 2970 827 3047 gentibus
842 2965 973 3045 reddas,

395 3052 553 3115 Ascendet
567 3052 621 3114 Illa
636 3053 771 3113 basiator
787 3057 879 3131 atque
893 3050 965 3130 illa,

352 3135 635 3217 tollebricitantem
650 3136 781 3197 basiabit
796 3142 829 3196 et
842 3136 986 3213 flentem,

395 3220 487 3280 Dabit
503 3222 648 3281 oscitanti
660 3221 778 3280 basium
793 3222 993 3298 nutantique,
1235 3292 1238 3298 Ι

395 3304 487 3363 Dabit
502 3311 535 3363 et
549 3306 675 3364 cacanti.
705 3302 887 3363 RemedInm
902 3301 973 3361 mali
989 3298 1088 3360 solum
1104 3304 1169 3373 est,

394 3386 503 3446 Facias
519 3388 648 3446 amtoam
663 3388 784 3446 basiare
800 3404 891 3465 quem
905 3384 994 3446 nolis.

781 3517 889 3577 XCIX.

397 3628 442 3687 De
457 3628 605 3689 cathedra
621 3629 764 3707 quotIena
780 3630 881 3708 surgis
896 3630 1012 3688 -iam
1026 3645 1120 3708 saepe
1135 3624 1237 3687 notari
1251 3658 1289 3667 -

440 3712 609 3773 Paedieant
623 3714 770 3792 miserae,
792 3713 921 3793 Lesbia,
942 3719 973 3772 te
989 3713 1121 3775 tunicae.
