3434 4575
578 470 1076 535 EPIGRAMMATONLIB.1V.
1241 496 1247 507 ⁴
1312 473 1354 538 93
1452 529 1453 532 ,

792 621 871 682 XLl.

396 740 477 819 Quid
493 740 680 799 recitaturus
698 738 869 800 circumdas
883 736 1003 799 vellera
1018 737 1125 799 collo?

438 825 636 886 Conveniunt
648 826 766 884 nostris
781 824 906 883 auribus
921 825 980 884 ista
997 825 1101 903 magis.

787 958 879 1020 XLII.

395 1071 429 1131 Si
444 1071 512 1149 quis
530 1070 613 1130 forte
628 1070 703 1129 mihi
716 1071 815 1149 possit
829 1074 990 1149 praestare
1004 1073 1143 1149 roganti,

437 1153 536 1232 Audi,
557 1172 647 1232 quem
662 1172 809 1233 puerum,
830 1153 961 1232 Flacca,
983 1173 1095 1232 rogare
1110 1154 1212 1220 velim.

394 1237 521 1298 Niliacis
534 1239 666 1317 primum
680 1256 758 1317 puer
776 1238 828 1297 hic
842 1241 986 1297 nascatur
1004 1240 1036 1297 in
1052 1240 1129 1299 oris:

436 1322 597 1401 Nequitias
612 1319 709 1381 tellus
726 1322 786 1381 scit
801 1321 876 1381 dare
891 1321 976 1381 nulla
991 1323 1095 1401 magis.
1261 1383 1263 1386 ,
1320 1399 1323 1404 .

373 1407 445 1468 §Sit
458 1407 528 1465 nive
544 1405 721 1466 candidior:
740 1424 872 1485 namque
886 1407 919 1464 in
935 1405 1112 1467 Mareotide
1127 1408 1215 1467 fusca

437 1488 603 1549 Pulchrior
618 1495 682 1567 est,
704 1496 817 1569 quanto
831 1491 933 1550 rarior
947 1492 1007 1550 iste
1023 1489 1120 1552 color.

394 1575 523 1633 Lumina
538 1573 692 1633 sideribus
707 1579 830 1633 certent
845 1572 1017 1653 mollesque
1033 1574 1196 1654 flagellent

437 1656 528 1718 Colla
543 1676 662 1717 comae:
683 1663 782 1718 tortas
796 1678 858 1717 non
876 1678 957 1736 amo,
978 1657 1107 1737 Flacco,
1130 1679 1241 1724 comas.
1280 1669 1283 1672 ’

393 1741 495 1802 Frons
511 1743 613 1802 brevis
629 1747 721 1820 atque
736 1740 845 1802 modus
858 1739 974 1801 leviter
989 1743 1030 1801 ait
1045 1743 1171 1803 naribus
1187 1745 1290 1822 uncis,

351 1838 387 1889 10
436 1827 597 1885 Paestanis
614 1826 746 1885 rubeant
761 1823 881 1884 aemula
893 1823 982 1884 labra
999 1827 1094 1904 rosia,

394 1908 494 1990 Saepe
510 1915 542 1969 et
556 1907 714 1968 nolentem
731 1915 820 1988 cogat
833 1908 975 1988 nolitque
990 1907 1162 1988 volentem,

434 1993 580 2054 Liberior
595 1993 718 2052 domino
733 2012 825 2073 saepe
840 1994 882 2053 sit
895 1991 952 2053 ille
970 2012 1042 2068 su03

392 2078 435 2139 Et
450 2079 558 2137 timeat
572 2096 703 2157 pueros,
726 2077 869 2137 excludat
883 2096 977 2158 saepe
992 2075 1130 2156 puellas:

434 2162 492 2223 Vir
507 2160 652 2239 reliquis,
674 2163 726 2220 uni
741 2163 782 2221 sit
795 2180 874 2241 puer
887 2160 945 2221 ille
961 2162 1044 2221 mibi.

350 2258 383 2309 15
391 2245 474 2325 „lam
487 2247 562 2323 scio,
577 2264 636 2305 nec
646 2243 757 2307 falles:
771 2266 840 2306 nam
854 2263 904 2307 me
918 2264 1039 2326 quoque
1054 2245 1157 2308 iudice
1169 2264 1276 2309 verum
1288 2254 1336 2309 est

435 2328 523 2390 Talis
541 2330 629 2389 erat“
645 2328 723 2389 dieis
738 2335 868 2408 „noster
883 2332 1117 2414 Amazonicus.“

776 2464 882 2528 XLlll.

391 2575 459 2634 Non
476 2574 554 2653 dixi,
578 2576 745 2655 Carmine,
765 2583 798 2636 te
814 2577 992 2638 cinaedum:

391 2660 461 2719 Non
476 2679 540 2718 sum
555 2666 618 2719 tam
633 2661 817 2720 temerarius
831 2680 890 2720 nec
906 2662 1019 2740 audax,

391 2745 457 2805 Nec
471 2744 629 2803 mendacia
645 2746 696 2823 qui
714 2743 825 2823 loquar
840 2743 987 2810 libenter.

392 2826 425 2885 Si
440 2825 520 2905 dixi,
544 2828 712 2905 Coracine,
733 2835 766 2888 te
783 2829 959 2909 cinaedum,

370 2912 504 2972 §iratam
519 2912 594 2971 mihi
611 2912 741 2972 Pontiae
755 2912 913 2993 lagonam,

391 2995 504 3054 Iratum
522 2994 648 3056 calicem
664 2999 739 3057 mihi
755 2997 875 3058 Metili:

390 3079 459 3137 Iuro
473 3089 532 3159 per
547 3081 653 3159 Syrios
667 3083 724 3141 tibi
739 3088 894 3160 tumores,

391 3162 462 3221 luro
477 3183 535 3243 per
549 3165 754 3244 Berecyntios
771 3167 905 3228 furores.

392 3246 481 3322 Quod
496 3247 558 3308 diui
573 3254 694 3327 tamen,
713 3251 772 3309 hoe
788 3248 859 3310 leve
875 3255 908 3310 et
920 3250 1082 3331 pusillum,

349 3330 480 3406 10Quod
494 3340 601 3392 notum
618 3338 682 3411 est,
706 3332 788 3412 quod
803 3343 836 3393 et
850 3336 919 3415 ipse
933 3355 995 3395 non
1010 3336 1153 3414 negabis,

388 3414 458 3475 Dixi
472 3422 522 3496 te,
544 3418 712 3495 Carmine,
735 3416 954 3498 cunnilingum.

769 3552 877 3617 XLIV.

389 3646 450 3704 Hic
469 3652 517 3705 est
531 3642 703 3729 pampineis
716 3650 824 3711 viridis
839 3652 930 3712 modo
945 3652 1075 3715 Vesvius
1089 3653 1220 3730 umbris,

434 3730 598 3791 Presserat
612 3734 664 3793 hic
678 3733 817 3795 madidos
833 3736 947 3796 nobilis
962 3757 1018 3797 uva
1033 3735 1128 3797 lacus.
