3434 4575
589 474 929 536 EPIGRAMMATON
943 478 1016 539 LlB.
1033 478 1083 540 Xl.
1299 480 1359 546 281

442 625 484 685 ut
497 626 581 684 iuvat
595 623 726 684 admissa
741 643 887 704 rumpere
901 624 972 685 lucc
987 627 1076 689 latus.

399 709 509 770 Fascia
524 714 556 767 te
572 710 755 786 tunicaeque
770 710 962 788 obscuraque
976 709 1071 790 pallia
1087 710 1206 776 celante

444 793 486 851 At
501 793 576 850 mihi
591 790 676 851 nulla
692 794 765 851 satis
783 792 865 852 nuda
879 789 984 871 puella
997 795 1088 854 iacet.

401 877 489 935 Basia
504 894 553 934 me
569 877 693 955 capiunt
706 873 835 937 blandas
850 878 968 937 imitata
986 877 1157 939 columbas:

359 972 392 1024 ιο
441 959 490 1018 'lu
505 959 579 1019 mihi
596 960 665 1038 das,
688 961 771 1018 ariae
788 959 888 1039 qualia
903 979 990 1021 mane
1006 960 1098 1023 soles.

398 1043 464 1103 Nec
479 1050 563 1102 motu
579 1042 714 1121 dignaris
731 1063 806 1123 opus
821 1063 880 1104 nec
894 1064 969 1105 voce
984 1046 1111 1126 iurare,-

440 1127 506 1187 Nec
522 1126 641 1204 digitis:
659 1134 803 1206 tanquam
817 1135 886 1188 tura
903 1148 1082 1207 merumque
1096 1149 1197 1210 pares.

399 1211 673 1271 Masturbabantur
686 1212 815 1290 Phrygii
824 1220 900 1291 post
914 1215 992 1273 ostia
1006 1216 1103 1292 servi,

440 1295 598 1354 Hectoreo
616 1297 758 1373 quotiens
774 1295 900 1357 sederat
914 1317 990 1357 uxor
1009 1316 1099 1377 equo.

356 1389 390 1442 15
398 1377 439 1437 Et
455 1380 589 1457 quamvis
605 1378 707 1438 ltbaco
725 1386 880 1440 stertente
895 1380 1007 1460 pudica
1022 1379 1145 1442 solebat

440 1461 508 1523 lllic
523 1461 682 1544 Penelope
698 1483 823 1544 semper
841 1464 957 1525 habere
972 1485 1101 1525 manum.

397 1545 567 1606 Paedicare
581 1565 691 1625 negas:
714 1548 805 1608 dabat
819 1551 879 1608 hoc
896 1549 1042 1609 Cornelia
1057 1548 1215 1625 Graccho,

441 1629 516 1690 Iulia
530 1630 694 1711 Pompeio,
714 1632 838 1709 Porcia,
861 1633 972 1711 Brute,
994 1635 1059 1695 tibi.

397 1713 504 1774 Dulcia
518 1714 671 1774 Dardanio
688 1715 987 1776 nondummiscente
1001 1719 1142 1777 ‘ministro

356 1809 392 1861 20
439 1799 553 1858 Pocula
569 1799 642 1858 luno
659 1799 719 1858 fuit
732 1817 789 1877 pro
806 1798 986 1878 Ganymede
1001 1800 1073 1860 lovi.
1110 1809 1117 1816 “

399 1882 431 1942 Si
445 1888 477 1942 te
494 1881 632 1943 delectat
647 1883 796 1961 gravitas,
818 1882 964 1942 Lucretia
979 1891 1045 1944 toto

442 1965 490 2025 Sis
508 1963 586 2026 licet
600 1984 698 2045 usque
715 1965 782 2044 die,
804 1965 900 2026 Laida
913 1973 1006 2026 nocte
1019 1967 1098 2027 volo.

806 2077 868 2140 GV.

395 2177 545 2239 Mittebas
559 2175 688 2255 libram,
711 2174 930 2257 quadrantem,
952 2176 1097 2255 Garrire,
1120 2175 1225 2260 mittis.¹

440 2259 558 2322 Saltem
574 2262 748 2340 semissem,
766 2261 913 2340 Garrice,
936 2258 1021 2323 solve
1036 2261 1120 2322 mibi.

397 2468 468 2530 Vibi
483 2469 633 2547 Maxime,
655 2472 681 2530 si
695 2492 781 2533 vacas
796 2492 899 2550 arere,

397 2553 466 2612 Hoc
484 2558 601 2612 tantum
614 2552 700 2633 lege:
722 2575 853 2636 namque
869 2563 902 2616 et
917 2561 1082 2635 occupatus

395 2637 437 2696 ut
451 2656 513 2696 non
528 2655 562 2697 es
576 2639 701 2699 nimium
715 2638 896 2702 laboriosus.

397 2721 524 2781 Transis
538 2722 595 2782 hoa
614 2742 735 2803 quoque
750 2722 917 2803 quattuor‘t
939 2722 1055 2801 sapisti.

790 2833 881 2896 cvfl.

394 2930 582 3012 Explicitum
596 2933 686 2991 uobis
702 2949 799 3009 usque
815 2928 854 2990 ad
869 2949 924 2989 sua
938 2948 1052 2988 cornua
1065 2926 1179 2988 librum

435 3017 477 3077 Et
492 3015 578 3095 qnasi
592 3014 784 3095 perlectum,
808 3013 1001 3094 Septiciaue,
1025 3012 1136 3075 refers.

395 3100 503 3161 Omnia
517 3099 632 3178 legisti.
664 3097 785 3176 Gredo,
809 3099 890 3177 scio,
914 3095 1050 3177 gaudeo,
1071 3114 1176 3157 verum
1192 3099 1248 3154 est.

436 3182 565 3263 Perlegi
578 3182 676 3244 libros
692 3184 736 3242 sic
752 3200 809 3261 ego
826 3184 961 3262 quinque
981 3188 1059 3241 tuos.

774 3295 877 3358 cvlfl.

394 3392 536 3468 Quamvis
552 3395 614 3449 tam
629 3390 721 3469 longo
736 3392 836 3469 possis
851 3397 937 3449 satur
953 3407 1022 3449 esse
1035 3386 1162 3457 libello,

436 3475 567 3551 Lector,
590 3473 689 3532 adbuc
705 3493 721 3532 a
735 3490 784 3531 me
799 3472 932 3533 disticha
944 3491 1041 3552 pauca
1055 3474 1156 3553 petis..

395 3557 457 3618 Sed
475 3558 579 3636 Lupus
595 3575 717 3616 usuram
732 3557 885 3637 puerique
903 3555 1000 3617 diaria
1013 3562 1153 3638 poscunt.

435 3641 566 3720 Lector,
586 3639 678 3701 salve.
712 3640 811 3701 'l'aces
827 3639 1083 3719 dissimulasque‘t
1112 3635 1200 3702 Vale.
