3434 4575
652 462 655 470 '
707 462 831 511 suumn
855 462 907 510 111.

312 604 389 666 liuns
409 606 489 666 sacri
511 605 600 666 tontis
622 623 723 664 nemus
745 613 774 664 et
800 603 922 664 delubra
945 604 1076 664 locantur

311 690 442 767 ludaeis,
467 707 589 769 quorum
613 688 755 768 cophinus
776 688 952 767 loenumque
973 688 1125 767 supellex;

310 774 425 854 (Omnis
444 776 521 835 enim
544 774 655 853 populo
676 773 843 834 mercedem
864 773 995 852 pendere
1019 775 1096 833 inissa
1119 785 1164 833 est
1275 786 1302 838 15

312 860 423 936 Arbor,
445 869 476 920 et
496 860 600 919 eiectis
622 859 766 918 mendicat
783 858 856 918 silva
882 856 1048 936 Camenis;)

310 945 337 1002 lu
356 942 466 1004 vallem
489 941 618 1021 Egeriae
641 943 845 1003 descendimus
871 953 899 1002 et
921 943 1077 1019 speluncas

311 1028 474 1088 Dissimiles
497 1030 592 1088 reris:
617 1036 723 1106 quanto
745 1029 930 1105 praesentius
954 1038 1035 1086 essct

311 1112 421 1172 Numen
441 1131 555 1192 aquae,
578 1111 662 1171 viridi
681 1113 705 1172 si
726 1112 856 1188 margine
879 1111 1030 1171 clauderet
1053 1112 1142 1171 undas

311 1197 406 1257 llerlta
429 1215 486 1257 nec
509 1197 663 1273 ingenuum
684 1196 829 1256 violarent
851 1213 993 1256 marmora
1015 1195 1118 1256 tolum?
1271 1210 1304 1258 tu

311 1282 360 1340 ilic
377 1291 447 1340 tuno
469 1280 649 1342 Umbricius:
681 1278 802 1353 Quando
827 1280 952 1353 artibus,
978 1282 1082 1359 iuquit,
1104 1280 1234 1340 honestis

311 1365 412 1425 Nullus
435 1367 462 1423 in
484 1364 558 1425 urbe
580 1365 681 1440 locus,
706 1365 783 1425 nulla
805 1365 998 1425 emolumenta
1023 1364 1183 1436 laborum,⁴

312 1450 369 1509 lles
392 1449 482 1509 lrodie
506 1450 599 1509 minor
621 1459 683 1524 est,
712 1448 783 1508 lrere
805 1467 889 1527 quam
911 1449 979 1524 luit,
1003 1459 1090 1528 atque
1114 1451 1215 1510 cadero
1239 1467 1302 1511 cras

313 1534 433 1594 Deteret
454 1534 568 1612 exiguis
590 1533 713 1613 aliquid:
739 1535 928 1612 proponimus
950 1533 1020 1595 illuc

312 1619 372 1693 lre,
393 1618 530 1696 fatigatas
552 1617 601 1678 ubi
623 1617 770 1678 Daedalus
793 1618 873 1678 exuit
896 1617 968 1680 alas.
1269 1632 1303 1682 tt

312 1702 381 1762 llum
404 1719 482 1762 nova
505 1703 645 1778 canities,
666 1703 731 1763 dum
753 1704 843 1780 prima
867 1713 895 1762 et
914 1712 995 1763 recta
1019 1713 1166 1765 senectus.

312 1786 381 1846 llum
404 1795 542 1865 superest
566 1786 690 1848 Lachesi
713 1787 790 1865 quod
814 1796 966 1866 torqueat,
992 1788 1167 1866 etpedibus
1191 1808 1234 1847 ure

312 1871 395 1931 Porto
418 1871 507 1944 meis,
529 1871 609 1931 nullo
632 1871 762 1932 dextram
785 1870 927 1931 subeunte
949 1871 1068 1943 bacillo,

311 1953 455 2016 Cedamus
476 1957 584 2034 patria:
606 1957 703 2015 vivant
724 1955 859 2015 Artorius
880 1958 945 2017 istic

313 2039 345 2098 ut
367 2037 505 2105 Catulus:
528 2049 680 2116 maneant,
704 2042 752 2118 qui
775 2041 886 2118 nigrum
910 2041 938 2099 in
961 2041 1081 2101 candida
1105 2051 1228 2100 vertunt.
1268 2052 1302 2105 30

312 2123 402 2197 Qneis
424 2123 513 2184 facile
536 2134 581 2184 est
603 2124 707 2185 aedem
731 2125 916 2200 conducere,
941 2125 1070 2199 flumina,
1095 2135 1205 2205 portus,

310 2209 481 2269 Siccandam
503 2209 643 2285 eluviem,
665 2209 835 2287 portandum
855 2210 892 2270 ad
915 2209 997 2270 busta
1022 2211 1157 2283 cadaver,

311 2292 345 2354 Et
365 2293 513 2373 praebere
537 2304 623 2373 capnt
645 2293 758 2355 domina
780 2295 884 2355 venale
909 2295 961 2356 suh
984 2295 1075 2356 hasta.

310 2378 460 2451 Quondam
485 2378 513 2438 hi
538 2380 702 2439 cornicines
725 2388 755 2439 et
775 2381 957 2459 municipalis
981 2399 1088 2440 arenae

311 2462 448 2541 Perpetui
471 2465 593 2523 comites
613 2472 760 2543 notaeque
783 2483 837 2543 per
858 2465 965 2544 oppida
989 2464 1100 2525 buccae

310 2546 427 2606 dlunera
450 2566 525 2606 nunc
548 2548 653 2624 edunt,
680 2558 709 2607 et
727 2566 815 2608 verso
841 2549 951 2628 pollice
973 2548 1079 2627 vulgus

309 2630 401 2703 Quem
424 2630 506 2691 iubet
529 2634 665 2693 occidunt
687 2634 881 2711 populariter:
905 2634 971 2693 inde
994 2635 1106 2694 reversi

310 2712 482 2776 Conducunt
503 2715 633 2788 ioricas;
662 2727 691 2776 ct
713 2736 764 2777 cur
780 2736 837 2777 non
861 2716 977 2778 omnia?
1001 2737 1086 2798 quum
1110 2720 1176 2793 sint,

310 2798 419 2871 Quales
442 2819 479 2860 ex
502 2799 600 2861 humili
624 2820 725 2878 magna
749 2802 784 2862 ad
808 2802 922 2880 lastigia
945 2821 1040 2863 rerum

311 2882 446 2957 Extollit,
470 2886 586 2963 quoties
608 2886 699 2946 noluit
709 2885 833 2946 Fortuna
854 2888 955 2947 iocari.

310 2966 383 3040 Quid
407 2966 519 3028 Romae
542 2967 668 3031 faciam?
691 2972 803 3030 mentiri
826 2973 946 3043 nesciu;
970 2970 1083 3038 librum,

309 3052 338 3111 Si
360 3051 454 3113 malus
476 3062 539 3129 est,
561 3071 677 3134 nequeo
700 3055 817 3115 laudare
840 3066 869 3116 et
893 3073 1036 3135 poscere:
1061 3067 1154 3115 moltis

309 3137 460 3197 listrorum
483 3139 602 3216 ignoro;
623 3139 707 3200 lunus
730 3143 901 3219 promittere
925 3141 1015 3220 patris

309 3219 370 3280 Nec
393 3222 462 3282 rolo
484 3241 540 3283 nec
565 3240 698 3301 possnm;
723 3243 856 3285 ranarum·
875 3227 989 3286 viscera
1013 3244 1162 3304 numquam

309 3304 444 3384 lnspexi;
466 3306 547 3367 ierne
569 3308 605 3368 ad
627 3319 763 3387 nuptam,
786 3328 862 3388 quae
883 3312 967 3369 mittit
989 3310 1112 3381 adulter,

310 3389 390 3461 Quae
411 3391 543 3465 mandat,
567 3402 671 3452 norunt
693 3392 757 3465 alii;
780 3413 825 3453 me
848 3412 933 3454 nemo
956 3396 1085 3455 ministro

311 3472 365 3532 tur
383 3475 456 3549 erit,
480 3485 567 3552 atque
589 3476 656 3536 ideo
678 3476 748 3537 nulli
771 3496 871 3537 eomes
892 3497 987 3552 exeo,
1011 3489 1153 3554 tamquam

311 3555 427 3618 dancus
449 3568 478 3619 et
501 3562 664 3621 exstinctae
688 3579 795 3640 corpus
820 3579 877 3622 non
902 3563 970 3623 utile
994 3562 1125 3622 dextrae.

311 3640 379 3713 Quis
402 3644 642 3722 uniucdiligitnr,
663 3646 717 3704 nisi
740 3649 891 3722 conscius,
916 3648 1013 3711 etcui
1037 3646 1155 3706 fervens

313 3723 431 3785 Aestuat
453 3728 577 3789 occultis
593 3731 704 3791 animus
725 3749 901 3810 semperque
924 3728 1077 3791 tacendis?
