3434 4575
698 479 823 527 suum
845 481 897 528 111.
1259 473 1295 533 lb

300 622 355 683 lies
379 631 506 700 angusta
529 621 619 689 domi;
642 620 695 681 sed
717 619 829 682 Romae
852 620 951 682 durior
973 622 1031 682 illis
1246 639 1294 691 aaa

300 705 442 767 donatus:
465 723 572 784 magno
595 705 752 784 hospitium
774 705 961 781 miserabile,
984 725 1091 786 magno

299 793 455 851 Scirorum
478 800 614 865 ventres,
639 800 669 849 et
688 789 765 867 lrugi
786 790 912 851 coenula
932 808 1048 868 magno.

299 874 448 936 Fictilibus
471 892 599 935 coenare
623 874 729 952 pudet,
752 874 831 954 quod
853 884 939 953 turpe
960 875 1080 953 negabit

299 959 466 1020 Translatus
489 959 585 1019 subito
603 958 639 1018 ad
660 957 775 1019 blarsos
797 977 986 1039 mensamque
1008 960 1156 1021 Sabellam

299 1043 518 1122 contentusque
534 1044 596 1103 illio
618 1051 726 1104 veneto
745 1044 879 1123 duroque
898 1043 1025 1104 cucullo.
1209 1102 1211 1105 ,
1245 1055 1295 1110 170

299 1129 363 1188 Pars
387 1147 492 1205 magna
513 1128 615 1188 ltaliae
639 1136 703 1204 est,
723 1129 748 1187 si
769 1146 870 1188 verum
892 1128 1081 1204 admittimus,
1104 1130 1130 1188 in
1153 1148 1208 1207 qua

298 1212 386 1272 llemo
410 1223 510 1290 togam
530 1213 630 1287 sumit,
653 1212 708 1271 uisi
730 1221 869 1273 mortuus.
915 1213 982 1292 lpsa
1004 1214 1112 1272 dierum

298 1295 449 1358 liestorum
471 1296 602 1357 herboso
625 1296 732 1357 colitur
751 1297 775 1355 si
797 1297 913 1375 quaudo
936 1297 1051 1358 theatro

298 1380 450 1457 baiestas,
472 1381 648 1460 tandemque
669 1381 746 1441 redit
768 1381 804 1441 ad
825 1381 936 1460 pulpita
958 1391 1055 1442 uotum

298 1465 454 1540 brodium,
477 1484 564 1544 quum
587 1483 734 1543 personae
758 1465 895 1544 pallentis
917 1467 1024 1527 hiatum
1247 1478 1293 1533 tio

298 1549 323 1609 ln
344 1551 460 1628 gremio
481 1551 581 1610 matris
603 1551 741 1610 lormidat
762 1553 888 1611 rusticus
910 1551 1019 1611 iulans:

299 1634 445 1713 lequales
467 1633 583 1693 babitus
605 1634 666 1694 illic
688 1634 858 1714 similesque
882 1635 997 1696 uidebis

298 1718 483 1780 orchestram
507 1728 535 1778 et
559 1718 713 1797 populum;
738 1719 809 1779 clari
832 1719 968 1780 velamen
988 1719 1108 1781 bonoris

297 1803 447 1864 Suilieiuut
468 1805 583 1864 tunicae
605 1803 723 1863 summis
745 1802 890 1864 aedilibus
909 1804 1004 1864 albae.

297 1886 345 1948 llic
366 1887 440 1946 ultra
465 1888 544 1946 uires
567 1887 683 1947 babitus
704 1888 793 1953 nitor:
814 1887 861 1948 bic
882 1888 989 1969 aliquid
1011 1889 1076 1969 plus
1244 1902 1292 1954 leo

297 1972 384 2046 Quam
414 1971 485 2030 satis
509 1981 555 2032 est
577 1972 719 2032 interdum
741 1971 838 2032 aliena
861 1973 980 2033 sumitur
1002 1992 1079 2034 arca.

298 2056 454 2116 Commune
478 2055 505 2115 id
528 2057 625 2116 uitium
650 2065 713 2124 est;
754 2054 803 2117 bic
824 2059 948 2117 vivimus
971 2058 1123 2118 ambitiosa

298 2141 470 2220 Paupertate
494 2158 613 2210 omnes:
650 2140 719 2219 quid
741 2150 769 2200 te
794 2139 913 2202 moror?
935 2143 1029 2202 omnia
1054 2143 1164 2204 Romae

298 2223 363 2285 Cum
386 2224 493 2305 pretio.
538 2224 613 2301 Quid
637 2226 706 2301 das,
729 2235 760 2284 ut
783 2223 906 2286 Cossum
929 2227 1084 2306 aliquando
1107 2226 1239 2290 salutes?

297 2310 330 2371 Ut
353 2321 383 2371 te
407 2310 545 2390 respiciat
565 2309 666 2381 clauso
689 2309 816 2372 Veiento
838 2309 972 2373 labello?
1242 2325 1291 2379 185

297 2395 346 2457 illc
370 2396 452 2454 metit
472 2394 609 2472 barbam,
632 2396 742 2455 crinem
764 2396 812 2457 bic
835 2397 956 2475 deponit
978 2402 1074 2457 amati.

296 2479 381 2541 Plena
407 2479 509 2539 domus
528 2480 595 2540 libis
617 2480 786 2548 venalibus:
807 2483 912 2561 accipe
935 2491 965 2542 et
987 2482 1063 2542 istud

297 2563 477 2639 Fermentum
501 2564 551 2625 tibi
574 2563 666 2624 babe:
689 2575 841 2643 praestare
866 2565 971 2626 tributa
994 2566 1118 2626 clientes

297 2647 433 2727 Cogimur
456 2658 485 2707 et
507 2648 593 2710 cultis
617 2667 728 2725 augere
751 2649 868 2728 peculia
891 2654 995 2710 servis.

335 2732 408 2808 Quis
429 2734 510 2794 timet
532 2742 581 2794 aut
603 2734 695 2793 timuit
717 2734 815 2812 gelida
839 2733 1000 2796 Praeneste
1019 2737 1139 2810 ruinam,
1243 2747 1291 2801 190

298 2816 351 2877 lut
375 2818 481 2895 positis
501 2835 657 2879 nemorosa
682 2819 757 2878 inter
779 2819 845 2896 iuga
868 2818 1024 2897 Volsiniis,
1048 2831 1096 2880 aut

297 2901 481 2980 Simplicibus
504 2902 620 2979 Gabiis,
642 2911 691 2963 aut
713 2904 796 2981 proni
819 2901 935 2963 Tiburis
957 2902 1047 2965 croci

298 2984 354 3045 Nos
375 2986 477 3046 urbem
501 2987 622 3047 colimus
645 2992 723 3048 teuui
746 2987 864 3047 tibicine
888 2987 987 3048 lultam

297 3068 397 3148 blagna
417 3079 500 3149 parte
524 3072 568 3130 sui
576 3094 583 3139 ;
608 3090 672 3131 uam
692 3071 735 3131 sic
759 3071 925 3131 labentibus
947 3073 1043 3134 obstat

296 3153 406 3216 Vilicus
429 3163 476 3232 et,
499 3156 611 3215 veteris
633 3157 723 3216 rimae
747 3175 831 3234 quum
855 3158 927 3216 texit
949 3157 1065 3233 hiatum,
1243 3170 1289 3223 195

296 3240 424 3299 Securos
448 3239 594 3316 pendente
618 3239 698 3300 iubet
722 3240 848 3300 dormire
873 3243 962 3303 ruina.

299 3323 455 3382 vivendum
480 3322 624 3397 estillic,
648 3325 695 3383 ubi
714 3326 791 3385 nulla
813 3325 961 3402 incendia,
985 3327 1053 3388 nulli

298 3406 388 3468 Nocte
410 3420 514 3468 metus.
560 3407 619 3468 lam
637 3413 734 3489 poscit
756 3428 878 3488 aquam,
903 3413 957 3470 iam
980 3412 1085 3472 lrivola
1108 3412 1244 3472 transfert
1287 3440 1289 3443 ⁴

299 3490 464 3570 Ucalegon,
489 3490 618 3553 tabulata
640 3493 691 3553 tibi
713 3495 766 3554 iam
790 3496 875 3555 tertia
898 3495 1022 3554 lumant:
1198 3545 1200 3549 ,
1234 3541 1235 3545 ,

299 3575 337 3635 'iu
357 3577 469 3642 nescis:
494 3594 557 3636 nam
581 3576 606 3636 si
626 3577 765 3655 gradibus
783 3578 945 3658 trepidatur
967 3584 1003 3638 ab
1027 3580 1100 3653 imis,
1237 3594 1288 3643 ‘itm

301 3660 416 3720 Ultimus
437 3659 569 3737 ardebit,
592 3679 678 3741 quem
700 3662 799 3739 tegula
819 3663 883 3723 sola
907 3672 1002 3722 tuetur

304 3748 322 3800 l
345 3745 461 3822 pluvia,
483 3744 588 3806 molles
610 3744 658 3806 ubi
672 3746 804 3807 'reddunt
824 3763 880 3807 ova
901 3745 1054 3808 columbae
