3434 4575
667 486 711 547 II
727 485 821 548 vah.
836 483 1065 545 malthinus

422 641 547 701 Mecum
562 641 625 701 eris
640 657 715 718 ergo
730 639 840 698 miser:
863 636 946 716 quod
960 639 988 696 si
1000 635 1078 696 deus
1092 655 1149 697 ore
1163 656 1283 704 senno

465 725 636 801 Annuerit,
657 722 748 799 felin,
771 720 927 798 candide,
950 720 1123 784 solmeria.

808 855 904 916 XXV.

423 970 485 1031 llas
501 989 673 1049 nunquam,
692 986 816 1050 semper
827 969 1002 1048 promittis,
1025 964 1133 1046 Galla,
1155 972 1293 1050 roganti

465 1054 498 1114 Si
513 1073 637 1135 semper
650 1051 750 1132 fallis,
770 1055 830 1112 iam
849 1071 943 1130 rogo,
965 1048 1073 1129 Galla,
1095 1071 1186 1132 nega.

798 1182 910 1247 XXVI.

421 1298 511 1378 Quod
531 1297 691 1378 querulum
709 1298 823 1377 spirat,
847 1293 930 1374 quod
948 1297 1093 1356 acerbum
1107 1297 1224 1359 Naevia
1238 1300 1344 1377 tussit,

462 1384 558 1462 Inque
575 1389 644 1442 tuos
659 1382 754 1441 mittit
768 1386 858 1458 sputa
872 1377 1003 1439 subinde
1020 1381 1121 1458 sinus,

420 1468 482 1527 Iam
496 1474 528 1527 te
544 1483 611 1526 rem
625 1465 753 1541 iactam,
774 1463 956 1542 Bithynice,
978 1462 1081 1523 credis
1097 1466 1241 1527 hahere?

462 1551 572 1609 Erras:
593 1545 752 1609 blanditur
765 1546 894 1624 Naevia,
914 1566 978 1606 non
991 1548 1131 1610 moritur.

798 1681 922 1742 XXVII.

420 1794 611 1856 Laudantem
626 1794 743 1856 Selium
757 1814 853 1857 cenae
868 1815 936 1854 cum
952 1796 1034 1855 retia
1050 1793 1153 1855 tendit

464 1881 595 1961 Achpe‚
618 1881 682 1940 sive
696 1877 801 1958 legas,
819 1881 884 1939 sire
898 1885 1046 1959 patronus
1063 1897 1149 1957 agas:

421 1965 578 2043 ,dlil'ectel
599 1964 749 2042 graviter!
767 1963 815 2029 st!
835 1963 998 2041 nequlter!
1019 1963 1113 2041 euge!
1137 1963 1249 2024 beate!

461 2048 530 2108 IIoc
544 2046 663 2108 ιοΙιιίΙιι
690 2047 786 2106 Facta
803 2053 852 2107 est
865 2048 925 2106 iam
940 2047 998 2106 tihi
1014 2065 1105 2124 cena,
1124 2054 1204 2108 tace.

785 2180 923 2241 XXVIII.

419 2292 532 2355 Rideto
551 2290 680 2353 multum
696 2293 748 2372 qui
764 2299 813 2371 te,
835 2290 984 2371 Sextille‚
1008 2290 1169 2353 cinaedum

461 2377 583 2437 Dlxerit
598 2383 631 2436 et
643 2376 773 2456 dIgitum
787 2378 940 2456 porrigito
955 2374 1100 2438 medinm.

420 2460 484 2522 Sed
498 2480 557 2521 nec
570 2459 701 2541 paedico
716 2479 751 2520 es
768 2467 892 2537 noctu,
912 2458 1062 2538 Sextille‚
1083 2460 1223 2540 fututor,

462 2542 560 2606 Calda
574 2544 758 2607 Vetustinae
773 2564 832 2605 neo
846 2546 905 2604 tihi
920 2545 1015 2604 bucca
1030 2544 1143 2624 placet.

399 2629 468 2691 5le
481 2629 550 2688 istis
564 2627 644 2689 nihil
658 2648 693 2689 es
707 2630 825 2707 fateor,
846 2626 997 2688 Sextille:
1021 2626 1096 2706 quid
1109 2645 1184 2707 ergo
1201 2631 1260 2688 es?

461 2712 590 2793 Nescio,
612 2712 669 2774 sed
684 2715 791 2774 tuscis
808 2731 860 2773 res
875 2730 1040 2793 superesse
1055 2709 1139 2773 duas.

799 2860 909 2922 XXIX.

419 2974 517 3052 Rufe,
538 2974 625 3037 vIdes
640 2975 729 3037 illum
742 2974 893 3037 subsellia
905 2979 1005 3058 prima
1019 2982 1191 3055 terentem,

461 3057 557 3118 Cuius
573 3064 606 3118 et
619 3060 693 3120 hino
707 3057 794 3121 lucet
808 3060 1035 3139 sardonychata
1048 3080 1154 3121 manus

420 3141 568 3221 Quaeque
585 3141 694 3221 Tyron
708 3145 824 3204 totiens
841 3150 1007 3226 epotavere
1021 3141 1167 3204 lacernae

460 3225 503 3287 Et
516 3231 587 3304 toga
601 3244 663 3285 non
677 3232 775 3288 tactas
789 3228 916 3288 vincere
930 3228 1012 3288 iussa
1025 3229 1129 3305 nives,

397 3309 517 3370 tcuius
533 3308 600 3370 olet
615 3316 681 3370 toto
695 3312 819 3391 pinguis
834 3330 921 3372 coma
935 3310 1142 3372 Marcelliano

459 3393 502 3455 ho
515 3392 684 3474 splendent
697 3393 783 3456 volso
797 3396 925 3456 brachia
939 3396 1013 3455 trita
1027 3394 1110 3476 pilo;

418 3479 488 3541 Non
502 3478 651 3540 hesterna
664 3478 755 3541 sedet
768 3477 874 3539 lunata
886 3478 1003 3558 lingula
1016 3477 1139 3561 planta,

462 3562 597 3625 Coccina
611 3583 674 3624 non
686 3564 804 3625 laesum
817 3564 918 3643 pingit
933 3563 1014 3625 aluta
1028 3562 1156 3644 pedem,

419 3645 461 3706 nt
475 3666 639 3710 numeroso
651 3646 755 3709 linunt
769 3646 949 3710 stellantem
963 3647 1084 3731 splenia
1097 3648 1243 3709 frontem.

378 3738 412 3792 10
460 3730 586 3811 Ignoras
601 3730 677 3813 quld
691 3733 754 3795 ott
773 3732 894 3816 splenia
907 3733 1001 3813 tolle,
1020 3732 1119 3815 leges.

266 3949 416 4043 A
