3434 4575
355 463 439 512 XXVI
742 458 949 509 veterano.

352 608 522 665 munditiarum
537 607 633 664 11111515
643 607 736 662 hoctun
747 607 883 677 perveniat,
898 613 1040 679 mutumque
1051 606 1118 663 15551
1130 617 1158 663 51
1168 609 1255 663 horum
1266 621 1331 661 rnen

352 695 387 749 tio
405 694 508 763 priorem
524 695 605 748 locum
621 691 728 763 flagitet,
745 699 773 746 ut
790 692 836 747 nisi
854 693 1001 763 antegressis
1016 692 1139 756 sordibus,
1157 706 1206 765 quo
1216 691 1333 746 15155115

352 786 457 848 spectet,
474 779 572 833 omnino
591 793 638 832 non
658 777 837 848 15151Ιί555-
856 776 949 835 1.’585
966 777 1065 847 optione
1080 777 1135 832 data
1153 785 1234 832 utrum
1244 775 1333 830 155151

352 862 476 917 pithoeani
492 863 517 916 in
533 861 600 916 dubit
616 878 646 914 an
659 861 716 915 inde
732 862 755 914 in
767 859 842 914 ludus
852 869 986 927 mutarem,
1005 876 1060 914 cum
1073 861 1192 931 plerisque
1202 860 1333 914 editoribus

352 946 509 1017 posteriorem
526 947 643 1001 rationem
660 945 723 999 hauc
733 946 837 999 maxime
849 945 881 999 oh
890 959 988 999 causam
999 945 1114 1015 praetuli,
1131 945 1186 1016 quia
1197 944 1335 1016 astrologus

351 1045 447 1103 quoque
457 1031 544 1102 aliquid
556 1030 655 1100 epitheti
665 1028 779 1100 postulat,
790 1029 855 1100 quod
866 1028 941 1098 ipsius
947 1043 1003 1083 cum
1013 1029 1126 1083 divitibus
1133 1028 1335 1102 necessitudinem

351 1115 465 1170 declaret.
497 1115 606 1178 Iahnius,
618 1114 682 1184 apud
697 1127 769 1184 quem
786 1111 870 1185 Phoe
885 1120 1002 1185 cuperet
1018 1113 1075 1168 inde
1092 1114 1220 1168 5551155155
1237 1113 1334 1184 legimur,

352 1207 470 1254 ostrevino
479 1199 607 1272 51511555
612 1198 692 1268 perito
702 1196 865 1266 promiscuum
877 1205 970 1251 tantum
982 1207 1107 1269 quaestum
1120 1198 1229 1269 reliquit:
1242 1205 1267 1251 at
1277 1196 1335 1250 mihi

351 1283 416 1337 hunc
428 1284 507 1352 potius
519 1282 633 1353 opulenta
642 1281 729 1337 mulier
739 1289 804 1335 certa
822 1282 919 1335 meredc
935 1281 980 1334 sibi
999 1281 1130 1352 adiungere
1140 1282 1249 1343 uidetur,
1262 1296 1335 1352 quum

353 1366 456 1438 Phrygis
466 1375 491 1420 et
502 1366 554 1421 ludi
564 1366 765 1421 consultationem
779 1366 827 1420 iam
844 1365 1004 1437 peregriuitas
1020 1373 1045 1418 et
1056 1373 1148 1420 remota
1159 1365 1234 1435 patria
1245 1365 1334 1434 pretio·

351 1451 440 1505 sionem
452 1450 531 1506 iaciat.
551 1480 593 1490 -
609 1448 639 1502 V.
651 1453 703 1508 589
720 1449 866 1519 praeclaram
879 1449 990 1521 Madvigii
1008 1450 1171 1504 coniecturam
1183 1465 1276 1504 nomon
1291 1464 1335 1519 pro

352 1552 437 1589 meum
448 1535 565 1589 asciscere
575 1551 623 1589 uon
634 1533 755 1597 dubitaui,
773 1534 812 1587 cui
828 1548 967 1605 repugnans
978 1533 1109 1588 'leudeinus
1127 1534 1151 1588 iu
1164 1533 1229 1588 lahn.
1250 1532 1334 1588 hunal.

352 1618 472 1681 111111,
489 1636 513 1690 p.
527 1625 578 1676 123
591 1634 639 1673 non
655 1618 822 1673 animadvertit
832 1619 904 1672 ctiam
920 1618 994 1672 nullis
1010 1617 1061 1672 sola
1072 1616 1182 1672 Salmasii
1194 1624 1219 1672 et
1230 1617 1334 1672 iuvenuit

352 1703 489 1758 coniectura
500 1703 558 1767 uiti3
574 1703 693 1773 ipsevero
705 1718 762 1756 mox
778 1719 801 1756 u.
813 1705 867 1761 603
882 1703 992 1774 decerpto
1009 1717 1053 1772 pro
1072 1703 1169 1773 decepto
1187 1702 1335 1772 periclitatus

351 1803 420 1852 sum,
437 1803 485 1858 quo
497 1787 560 1841 lacto
572 1788 644 1842 etiam
657 1787 748 1842 facilius
759 1794 828 1860 atque
838 1803 882 1858 pro
895 1803 966 1858 saepe
977 1787 1073 1841 retineri
1089 1796 1190 1856 poterat.
1223 1785 1335 1856 Numqui

351 1873 447 1944 decepto
462 1872 535 1943 legit,
552 1887 639 1927 nouam
658 1872 758 1944 petendi
768 1872 891 1926 notionem
902 1871 974 1925 etiam
985 1870 1090 1926 adverbii
1104 1871 1254 1925 iterationem
1266 1871 1335 1942 flagi·

352 1964 403 2010 tare
411 1964 494 2026 putet;
507 1963 533 2010 at
541 1957 704 2026 supponendis
716 1956 796 2027 pueris
805 1964 862 2011 uota
873 1971 921 2011 uon
932 1954 1004 2010 modo
1017 1970 1064 2009 non
1071 1955 1229 2026 depriuntur,
1237 1955 1280 2009 sed
1291 1955 1335 2009 im·

353 2041 447 2110 plentur
456 2048 481 2094 51
491 2040 578 2112 gaudia
589 2041 697 2112 quamuis
705 2040 770 2094 irrita
783 2048 907 2100 creantur:
918 2039 1032 2093 substitui
1043 2039 1131 2110 igitur,
1151 2055 1199 2110 qno
1212 2039 1280 2108 pueri
1291 2039 1335 2108 ipsi

353 2132 444 2182 rotent
460 2125 525 2179 Pers.
537 2124 566 2180 11.
586 2128 621 2182 35
638 2139 697 2194 spes
709 2140 790 2178 nmen
800 2131 930 2181 vocentur.
949 2137 995 2177 neo
1013 2123 1097 2177 dubito
1109 2125 1167 2194 quin
1186 2123 1335 2193 suppositicin

354 2209 447 2280 decerpi
456 2209 490 2263 od
499 2224 599 2280 eptardus
607 2209 674 2262 1555
685 2209 771 2262 eodem
782 2207 834 2261 iure
844 2207 948 2277 possint,
966 2222 1015 2278 quo
1025 2221 1097 2277 supra
1109 2222 1131 2262 v.
1144 2210 1178 2265 61
1191 2207 1295 2262 feminae
1305 2222 1336 2261 ex

353 2293 485 2365 porticibus
495 2294 608 2347 cuneisve
617 2293 714 2365 cerepi
723 2292 872 2347 dicebantur.

437 2377 539 2431 liblll.
550 2375 601 2431 Sat.
609 2376 661 2432 Vll.
672 2394 694 2431 u.
709 2380 748 2433 14.
762 2382 794 2435 15
807 2376 900 2431 adeam
912 2377 1013 2431 formam
1024 2376 1115 2449 redegi
1128 2392 1200 2448 quam
1210 2376 1241 2431 de
1251 2374 1334 2432 Codie.

353 2463 432 2516 luueu.
454 2478 478 2532 p.
492 2464 525 2518 19
542 2461 672 2531 proposui,
692 2466 718 2515 ut
728 2459 828 2533 Bithyni
844 2469 869 2515 et
879 2460 968 2515 151551
983 2462 1051 2516 locos
1067 2469 1231 2531 permutarent
1243 2467 1268 2514 et
1282 2469 1334 2516 ante

352 2563 491 2619 quenquam
506 2560 601 2599 eorunm
618 2546 756 2613 tolleretur,
773 2546 976 2617 quemadmodum
986 2545 1026 2598 Vl.
1042 2547 1091 2603 198
1106 2545 1178 2599 simili
1191 2546 1334 2600 155555115-

352 2632 433 2685 ctione
443 2628 493 2685 fieri
504 2629 628 2692 videmus3
639 2628 688 2683 hoc
699 2638 780 2684 autem
790 2630 856 2685 lacto
872 2646 903 2685 ne
919 2645 941 2687 v.
956 2634 989 2687 15
1000 2644 1023 2685 c.
1030 2628 1150 2701 Pinzgem
1162 2638 1187 2683 51
1198 2629 1335 2684 Heinrichio

353 2722 450 2785 propter
467 2713 653 2769 enumerationis
668 2714 817 2769 nimietatem
835 2714 990 2778 damnemus,
1008 2713 1144 2784 prohibebit
1160 2713 1211 2769 XV.
1224 2719 1283 2782 115,
1295 2714 1336 2768 uhi

356 2814 402 2853 non
421 2798 499 2852 minor
508 2797 634 2853 nationum
647 2813 762 2853 numerus
772 2800 862 2871 insigni
878 2814 934 2854 cum
953 2799 977 2853 ui
988 2799 1130 2853 cumulatur.
1146 2825 1182 2836 -
1194 2797 1223 2849 V.
1235 2802 1271 2856 23
1284 2814 1334 2853 ore

352 2899 407 2937 eene
418 2924 439 2937 ..
449 2927 455 2938 .
467 2882 565 2937 15551155
575 2884 613 2938 vel
624 2883 704 2937 invitis
711 2882 811 2939 Pithoeo
828 2893 853 2938 et
864 2884 946 2938 lahnio
961 2883 1078 2946 reuocari,
1090 2883 1145 2954 quia
1156 2882 1296 2938 membrana
1306 2882 1335 2936 ad

352 2966 480 3029 tabellam,
495 2983 543 3021 non
560 2966 621 3022 haec
635 2968 668 3040 *ad
685 2968 749 3022 illam
768 2968 871 3038 pertinet
889 2968 981 3039 ipsique
992 2967 1088 3022 ablativi
1098 2983 1180 3021 555515
1243 2965 1334 3030 tubello,

354 3068 414 3123 quos
427 3050 487 3105 l’ith.
499 3050 611 3118 exhibet,
628 3053 739 3122 antiquae
751 3052 886 3107 confusioni
899 3052 1018 3122 originem
1032 3050 1120 3105 debere
1129 3051 1254 3110 uidentur.
1267 3051 1336 3105 cuius

352 3133 518 3191 Scholsleotio
529 3152 612 3190 55555
677 3134 776 3191 tolchae
796 3136 898 3207 uestigia
917 3136 1012 3205 prodit,
1028 3150 1173 3207 quamquam
1188 3135 1236 3189 iam
1251 3135 1335 3205 optimi

353 3220 443 3274 codicis
453 3220 559 3274 secunda
569 3234 655 3274 manus
668 3236 763 3274 eumne
773 3220 918 3291 corrigendo
926 3220 1019 3274 inuiam
1031 3220 1108 3275 rediit.
1119 3247 1155 3257 -
1169 3218 1237 3278 V.39
1247 3227 1273 3273 tu
1283 3234 1338 3275 rusa

353 3304 444 3358 medela
463 3312 515 3370 est,
534 3319 581 3375 qua
597 3304 683 3358 melior
699 3305 780 3359 sensui
791 3304 871 3358 afferri
881 3304 921 3358 vix
936 3305 1028 3373 potnit:
1045 3304 1075 3358 de
1085 3318 1145 3358 uoce
1158 3304 1206 3357 iam
1216 3304 1338 3359 veteribus

352 3403 401 3442 non
412 3388 550 3442 constitisse
559 3388 675 3442 libromru
687 3389 814 3442 uarietates
831 3388 963 3443 ostendunt
973 3397 1011 3450 ut,
1023 3396 1078 3454 551,
1090 3404 1131 3451 uo,
1144 3402 1205 3459 quae
1214 3389 1337 3460 quomodo

353 3487 384 3526 ex
400 3472 503 3541 simplici
513 3470 638 3527 Pithoeani
654 3480 677 3528 et
692 3472 749 3526 oriri
765 3472 901 3542 potuerint,
920 3486 994 3543 aegre
1004 3472 1141 3543 iutelligm3
1158 3479 1337 3528 5151151515

353 3558 424 3611 etiarn
430 3556 552 3614 vitreae
557 3557 657 3611 confusa
668 3570 721 3610 esse
732 3555 850 3610 videntur.
862 3555 941 3611 Nece.
948 3556 1062 3613 4855155
1072 3557 1154 3611 literae
1165 3572 1254 3621 rasura,
1265 3571 1337 3628 quam

353 3656 383 3694 ex
394 3639 454 3693 Pith.
467 3640 563 3695 lahnius
573 3641 692 3701 enotavit,
707 3640 730 3693 id
742 3639 805 3709 apud
814 3654 854 3693 me
865 3639 960 3710 pondus
969 3638 1066 3704 habuit,
1078 3648 1106 3695 ut
1116 3641 1238 3715 1515115555
1248 3642 1337 3696 rectius

353 3738 424 3796 quam
437 3738 493 3777 curn
503 3725 601 3795 reliquis
612 3723 724 3779 omnibus
733 3722 844 3797 madore
853 3723 904 3795 legi
914 3724 1045 3790 crederem,
1057 3726 1147 3780 nedum
1157 3742 1179 3779 v.
1188 3732 1222 3783 50
1229 3726 1259 3781 ab
1270 3742 1337 3781 corn-

354 3806 420 3862 muni
437 3807 549 3863 omnibus
563 3808 682 3864 55115551
696 3808 727 3864 ad
744 3807 894 3864 5511115555
909 3809 1011 3865 transire
1027 3822 1101 3864 ausus
1115 3809 1177 3875 sim,
1193 3826 1338 3882 quemquam
