3434 4575
743 520 868 568 suumn
890 521 937 566 vr.
1314 505 1350 568 19

364 663 524 739 Progenies
549 659 672 721 terrae?
688 693 730 703 —
753 658 868 732 Quaere
888 677 926 717 ex
948 676 1011 732 me,
1035 659 1098 737 quis
1120 658 1188 717 milri
1211 668 1330 737 quartus

363 748 407 806 Sit
424 755 524 824 pater:
543 744 618 804 haud
636 752 786 821 prompte,
809 742 901 802 dinam
922 750 1030 809 tamem
1055 741 1130 801 adde
1148 743 1234 801 etiam
1255 762 1350 820 unum,

363 829 456 890 Unum
482 831 583 887 etiam:
608 836 705 886 terrae
731 836 775 886 est
798 828 853 885 iam
877 825 969 902 lilius,
996 824 1115 884 etmihi
1142 826 1197 883 ritu

363 912 474 972 llanius
497 912 545 971 hie
568 911 686 988 generis
709 927 803 988 prope
824 911 916 970 maior
939 910 1098 969 avunculus
1120 909 1188 968 exit.
1316 919 1352 974 σο

364 996 421 1069 Qui
444 997 525 1074 prior
551 1014 599 1069 es,
627 1013 678 1053 eur
699 1012 745 1053 me
772 996 800 1052 in
823 994 949 1053 decursu
972 992 1105 1071 lampada
1127 989 1256 1070 poscas?

363 1082 432 1140 Sum
454 1079 505 1138 tibi
528 1079 704 1144 Mercurium
727 1079 813 1137 venio
838 1077 910 1138 deus
933 1077 989 1136 hue
1012 1093 1069 1153 ego
1094 1075 1197 1135 atille

364 1164 507 1240 Pingitur;
532 1181 567 1223 an
589 1159 709 1220 renuis?
733 1161 791 1220 vin’
816 1170 846 1220 tu
870 1161 999 1238 gaudere
1024 1156 1156 1219 relictis?

364 1246 457 1307 Deest
480 1246 588 1324 aliquid
611 1263 753 1304 summae:
776 1246 862 1303 minui
883 1245 966 1311 mihi;
996 1243 1049 1304 sed
1074 1244 1126 1303 tibi
1152 1252 1241 1303 totum
1265 1251 1320 1320 est,

364 1329 508 1407 Quidquid
525 1330 553 1389 id
574 1338 629 1388 est.
656 1327 710 1388 Ubi
730 1329 783 1404 sit,
809 1329 879 1406 iuge
896 1346 1055 1406 quaerere,
1074 1327 1151 1406 quod
1169 1327 1236 1387 milri
1259 1343 1349 1406 quou-

925 1412 988 1472 dam
1312 1421 1347 1476 65

362 1495 486 1573 legarat
508 1497 628 1571 Tadius,
653 1513 709 1555 neu
735 1496 811 1554 dieta
834 1513 946 1574 repone
971 1505 1107 1573 paterna:

362 1579 484 1638 Fenoris
511 1580 633 1641 accedat
654 1597 784 1645 merees;
808 1579 875 1639 hine
896 1582 991 1638 exime
1013 1579 1157 1657 sumptus!
1175 1611 1216 1626 -

363 1662 438 1735 Quid
461 1663 603 1741 reliquum
627 1660 694 1722 est?
713 1698 745 1705 —
778 1661 952 1740 Reliquum?
977 1683 1069 1740 nuno,
1094 1682 1168 1724 nune
1190 1663 1348 1742 impensius

920 1765 1007 1823 unge,

363 1831 463 1907 Unge,
487 1849 576 1909 puer,
600 1829 715 1891 eaules!
743 1830 810 1889 mihi
835 1829 912 1890 festa
933 1831 999 1890 luce
1025 1841 1166 1912 coquatur

363 1914 460 1974 Urtiea
481 1924 509 1974 et
531 1915 599 1975 lissa
622 1914 764 1973 lumosum
786 1914 911 1991 sinciput
933 1933 1014 1991 aure,
1193 1932 1196 1936 ⁴
1313 1921 1348 1976 70

366 1995 399 2056 Ut
421 2008 485 2056 tuus
509 2000 563 2058 iste
585 2015 679 2076 nepos
707 1997 776 2057 olim
798 2005 879 2057 satur
901 2000 1013 2058 anseris
1039 2000 1126 2075 extis,

363 2079 455 2154 Quum
478 2099 593 2143 morosa
619 2099 695 2160 vago
719 2081 870 2159 singultiet
892 2083 1009 2160 inguine
1031 2101 1116 2158 vena,

363 2165 503 2225 Patriciae
525 2166 651 2226 immeiat
673 2163 801 2226 vulvae?
829 2165 898 2224 milri
919 2176 1009 2227 trama
1032 2168 1142 2245 figurae

361 2249 404 2309 Sit
425 2249 553 2328 reliqua,
576 2259 622 2310 ast
643 2250 685 2311 illi
708 2259 810 2310 tremat
833 2259 948 2311 omento
972 2268 1050 2331 popa
1071 2247 1194 2312 venter?

360 2332 462 2392 Vende
482 2337 603 2393 animam
624 2335 724 2409 luero,
747 2352 879 2394 mereare
905 2345 992 2414 atque
1015 2346 1120 2396 exeute
1145 2336 1252 2396 sollers
1312 2343 1344 2399 7⁵

360 2415 451 2475 Omne
476 2417 549 2477 latus
571 2419 682 2494 mundi,
708 2432 763 2477 nee
786 2419 823 2477 sit
845 2422 1041 2497 praestantior
1062 2422 1136 2480 alter

361 2496 554 2579 Cappadocas
577 2503 668 2580 rigida
694 2504 817 2581 pingues
839 2502 985 2581 plausisse
1009 2514 1132 2573 catasta;

360 2583 432 2642 Rem
458 2584 583 2663 duplica,
601 2621 637 2630 -
661 2585 731 2646 Feci
739 2608 746 2654 ;
774 2587 829 2645 iam
851 2587 974 2665 triplex,
998 2590 1054 2648 iam
1075 2589 1143 2649 milri
1166 2596 1278 2667 quarto,

359 2665 418 2725 lam
442 2666 540 2728 denies
563 2670 637 2731 redit
659 2673 688 2729 in
709 2686 824 2745 rugam:
847 2670 990 2748 depinge,
1015 2672 1063 2731 ubi
1082 2675 1190 2732 sistam.
1208 2705 1245 2717 -

359 2748 511 2827 Inventus,
535 2750 718 2833 Chrysippo,
743 2754 783 2812 tui
809 2754 904 2814 duitor
923 2757 1030 2815 acervi.
1309 2764 1345 2819 80
