3434 4575
695 474 823 521 sarias
845 475 908 522 vn.
1069 463 1071 468 ’
1261 469 1300 529 tt

304 612 478 694 Componis,
500 613 577 673 dona
600 614 741 690 Veneris,
765 613 924 691 Telesina,
948 617 1067 685 marito;
1264 630 1299 683 25

305 700 358 759 lut
381 698 486 759 claude
510 708 541 757 et
563 699 675 776 positos
698 700 776 760 tinea
802 700 946 777 pertunde
972 700 1100 761 libellos.

303 783 414 861 Frange
436 781 526 841 miser
548 782 676 843 calamos
698 782 877 864 vigilataque
900 785 1014 863 proelia
1038 784 1117 861 dele,

303 868 355 941 Qui
377 867 453 927 iacis
475 868 504 925 in
526 885 616 944 parva
638 867 770 928 sublimia
793 869 918 929 carmina
943 869 1031 944 cella,

303 951 336 1012 Ut
359 953 465 1029 dignus
486 953 587 1011 venias
610 950 730 1012 hederis
753 961 783 1012 et
803 953 927 1031 imagine
949 971 1057 1015 macra.

303 1039 376 1114 Spes
399 1034 478 1095 nulla
500 1036 637 1104 ulterior;
661 1036 760 1096 didicit
783 1038 837 1097 iam
858 1037 941 1097 dives
963 1056 1067 1098 avarus

303 1121 420 1180 Tantum
442 1119 594 1196 admirari,
617 1128 724 1180 tanturn
746 1121 866 1181 laudare
890 1122 1028 1197 disertos,

303 1205 335 1264 Ut
355 1205 440 1284 pueri
460 1203 578 1264 lunonis
602 1222 696 1265 avem.
741 1205 801 1265 Sed
822 1205 922 1266 debuit
945 1217 1025 1266 aetas

303 1288 335 1348 Et
354 1289 455 1369 pelagi
477 1290 592 1366 patiens
614 1298 644 1350 et
666 1288 788 1349 cassidis
811 1298 898 1369 atque
921 1290 1037 1368 ligonis.

303 1373 410 1434 Taedia
435 1381 503 1433 tunc
524 1373 650 1434 subeunt
672 1375 799 1450 animos,
823 1383 891 1434 tunc
914 1392 1006 1455 seque
1031 1392 1170 1455 suamque

301 1455 519 1536 Terpsichoren
542 1457 603 1517 odit
626 1457 749 1518 iocunda
772 1467 800 1517 et
825 1458 900 1518 nuda
921 1469 1067 1520 senectus.

340 1541 457 1620 Accipe
480 1559 555 1602 nunc
579 1551 674 1617 artes,
698 1560 735 1601 ne
758 1543 826 1621 quid
850 1542 901 1602 tibi
924 1544 1056 1604 conferat
1077 1544 1143 1618 iste,

301 1626 392 1701 Quem
417 1625 492 1686 colis
531 1635 560 1686 et
581 1624 725 1687 Musarum
747 1637 777 1689 et
793 1627 941 1704 Apollinis
964 1629 1039 1688 aede
1063 1629 1176 1689 relicta.

300 1710 366 1788 lpse
386 1710 460 1771 iacit
479 1729 583 1772 versus
604 1720 693 1790 atque
717 1711 765 1770 uni
785 1710 862 1771 cedit
885 1711 1013 1771 Homero

300 1793 423 1875 Propter
444 1793 524 1855 mille
546 1813 652 1863 annos;
674 1806 702 1855 tu
724 1797 747 1854 si
771 1795 927 1856 dulcedine
950 1796 1043 1857 lamae

300 1881 467 1940 Succensus
487 1881 614 1956 recites,
634 1878 801 1940 maculosas
824 1880 988 1941 commodat
1010 1881 1117 1941 aedes:

299 1963 378 2025 llaec
402 1963 492 2041 longe
514 1965 624 2024 ierrata
648 1965 749 2025 domus
774 1966 888 2025 servire
911 1964 1037 2040 iubetur,

301 2048 328 2110 ln
351 2067 408 2128 qua
433 2046 575 2109 sollicitas
600 2050 725 2109 imitatur
744 2051 827 2110 ianua
850 2059 962 2127 portas.

300 2133 358 2193 Scit
382 2131 453 2192 dare
476 2131 600 2192 libertos
624 2142 755 2193 extrema
777 2135 805 2193 in
827 2144 911 2212 parte
931 2134 1072 2195 sedentes

300 2215 415 2276 Ordinis
433 2225 462 2276 et
487 2235 606 2296 magnas
627 2219 762 2278 comitum
784 2219 945 2298 disponere
970 2236 1077 2285 voces:

300 2300 391 2363 Nemo
415 2300 495 2362 dabit
516 2321 634 2381 regum,
659 2304 756 2382 quanti
780 2304 922 2365 subsellia
945 2313 1088 2380 constant,

299 2385 334 2446 Et
359 2403 435 2466 quae
458 2387 603 2447 conducto
627 2388 756 2465 pendent
778 2388 937 2449 anabathra
959 2390 1066 2467 tigillo,

300 2470 443 2549 Quaeque
461 2472 649 2549 reportandis
671 2474 767 2551 posita
789 2483 835 2534 est
858 2473 1010 2534 orchestra
1033 2473 1189 2534 cathedris.

300 2554 359 2615 llos
380 2564 477 2616 tamen
499 2556 557 2616 boo
579 2558 691 2635 agimus
713 2559 850 2638 tenuique
872 2560 900 2618 in
923 2556 1044 2637 pulvere
1071 2558 1169 2618 sulcos

299 2638 437 2700 Docimus
458 2649 488 2699 et
508 2639 576 2701 litus
598 2640 691 2701 sterili
714 2659 865 2703 versamus
889 2652 995 2702 aratro.

299 2722 369 2784 liam
392 2725 417 2783 si
441 2723 593 2800 discedas,
617 2725 724 2804 laqueo
747 2735 828 2786 tenet
850 2726 993 2787 ambitiosi

299 2805 490 2869 Consuetudo
512 2808 593 2877 mali:
618 2820 698 2870 tenet
720 2811 881 2871 insanabile
901 2811 1006 2871 multos

298 2891 452 2953 scribendi
475 2895 635 2955 cacoethes
658 2906 688 2954 et
708 2913 800 2973 aegro
821 2897 849 2956 in
874 2895 965 2956 corde
984 2898 1123 2956 senescit.

298 2975 357 3037 Sed
380 2986 476 3039 vatem
499 2980 668 3056 egregium,
691 2980 738 3040 cui
761 2998 816 3040 non
841 2981 877 3040 sit
900 2979 1016 3058 publica
1039 2999 1123 3057 vena,

299 3061 353 3135 Qui
376 3060 448 3121 nibil
471 3064 637 3141 expositum
661 3064 757 3123 soleat
778 3065 945 3139 deducere,
969 3083 1024 3125 nec
1047 3066 1094 3144 qui

299 3142 451 3206 Communi
468 3146 554 3207 ierint
577 3165 694 3207 carmen
716 3148 830 3209 triviale
849 3158 977 3225 moneta,

298 3228 397 3306 llnnc,
421 3230 535 3310 qualern
559 3248 676 3311 nequeo
698 3242 859 3293 monstrare
885 3242 914 3293 et
936 3235 1030 3295 sentin
1054 3243 1171 3309 tantum,

299 3313 454 3376 Anxietate
479 3333 584 3376 carens
608 3317 718 3377 animus
738 3315 822 3393 iacit,
845 3318 939 3377 omnis
962 3318 1062 3378 acerbi

296 3398 472 3477 Impatiens,
496 3401 619 3479 cupidus
641 3400 780 3461 silvarum
802 3406 946 3481 aptusque
969 3402 1104 3462 bibendis

298 3482 438 3544 Fontibus
461 3483 615 3545 Aonidum.
661 3482 765 3564 Neque
788 3487 864 3547 enim
888 3495 1004 3547 cantare
1026 3486 1079 3544 snb
1102 3492 1184 3543 antro

299 3566 395 3628 Pierio
417 3567 604 3648 thyrsumque
625 3577 725 3647 potest
747 3572 919 3650 contingere
941 3581 1051 3631 maesta

300 3651 459 3732 Paupertas
478 3662 567 3734 atque
587 3654 665 3714 aeris
683 3655 784 3732 inops,
809 3674 867 3734 quo
890 3664 977 3715 nocte
999 3656 1105 3734 dieque

301 3734 415 3817 Corpus
439 3748 525 3816 eget:
550 3749 628 3805 satur
649 3749 710 3815 est,
731 3758 817 3818 quum
839 3740 909 3816 dicit
930 3737 1066 3799 lloratins
1089 3737 1197 3799 eoboe!
