3434 4575
552 424 976 528 nrroaannaronnro.
990 468 1070 531 xiv.

604 667 711 730 xciv.
736 666 856 729 Calices
872 669 1016 729 audaces.

372 767 435 828 Nos
451 785 553 826 sumus
568 762 690 825 audacis
704 763 829 845 plebeia
841 773 1015 825 toreumata
1026 766 1118 845 vitri,

413 851 527 911 Nostra
540 866 643 929 neque
659 848 782 908 ardenti
797 866 917 927 gemma
931 849 1045 909 leritur
1062 868 1148 929 aqua.

560 974 654 1045 XCV.
677 980 791 1044 Pisaea
805 980 905 1044 aurea
919 983 1053 1044 caelato.

370 1085 514 1162 Quamvis
528 1081 664 1144 Callaico
678 1083 805 1141 rubeam
819 1099 971 1159 generosa
984 1078 1129 1158 metallo,

413 1166 540 1229 Glorior
555 1173 622 1226 arte
638 1168 748 1245 magis:
769 1184 839 1225 nam
853 1164 945 1244 Myos
960 1166 1022 1225 iste
1035 1162 1134 1224 labor.

606 1300 715 1362 xcvi.
741 1300 861 1361 Helices
882 1298 1006 1359 Vatinii.

368 1400 452 1464 Vilia
467 1398 582 1460 sutoris
598 1396 726 1457 calicem
740 1398 927 1455 monimenta
942 1395 1048 1458 Vatini

410 1485 544 1564 Accipe;
563 1481 620 1542 sed
634 1500 726 1541 nasus
743 1480 867 1558 longior
881 1478 937 1539 ille
950 1480 1019 1540 ibit.

547 1616 669 1679 XCVII.
692 1615 817 1677 Lancea
830 1614 1064 1695 chrysendetae.
1193 1629 1195 1634 '

370 1698 507 1773 Grandia
520 1732 560 1771 ne
575 1714 657 1773 viola
671 1732 764 1791 parvo
782 1711 991 1789 chrysendeta
1004 1710 1111 1773 mullo.

410 1797 453 1857 Ut
467 1797 639 1874 minimum,
661 1795 757 1854 libras
772 1793 868 1854 debet
881 1796 998 1854 habere
1014 1793 1098 1855 duas.

593 1928 727 1991 xcvill.
757 1926 840 1988 Vasa
857 1923 1017 1987 Arretina.

367 2027 514 2087 Arretina
528 2028 619 2085 nimis
632 2044 672 2085 ne
687 2044 815 2106 spernas
829 2044 900 2084 vasa
913 2042 1081 2085 monemus.

407 2110 524 2171 Lautus
539 2117 606 2170 erat
620 2110 731 2170 Tuscis
749 2109 888 2169 Porsena
902 2106 1059 2169 fictilibus.

645 2244 752 2307 XCIX
775 2244 972 2307 Bascauda.

364 2344 500 2402 Barbara
514 2341 553 2400 de
568 2344 660 2421 pictis
674 2346 744 2402 veni
759 2345 912 2406 bascauda
924 2345 1098 2422 Britannis3

409 2422 472 2482 Sed
485 2439 534 2481 me
548 2425 607 2481 ianr
622 2425 736 2483 mavolt
750 2426 857 2486 dicere
872 2430 968 2488 Roma
982 2450 1075 2490 suam.

703 2558 738 2615 Ο.
760 2555 901 2618 Panaca.

366 2655 399 2716 Si
413 2674 476 2716 non
489 2655 594 2732 ignota
610 2659 658 2712 est
673 2652 756 2713 docti
771 2655 829 2713 tibi
844 2662 930 2713 terra
944 2654 1075 2733 Catulli,

382 2778 384 2782 ,
407 2738 527 2799 Potasti
542 2744 622 2797 testa
636 2737 764 2798 Raetica
778 2741 847 2797 sina
862 2756 938 2797 mea.

680 2873 728 2932 01.
752 2873 926 2934 Boletaria.

364 2972 441 3032 cam
454 2971 531 3029 mibi
544 2966 642 3029 boleti
657 2969 803 3030 dederint
817 2976 879 3030 tam
893 2969 999 3030 nobile
1012 2989 1142 3047 nomen,

403 3056 592 3115 Prototomis
605 3085 649 3100 —-
660 3054 758 3135 pudet
770 3055 847 3114 heu!
863 3091 903 3100 —
921 3057 1022 3115 servio
1037 3052 1188 3117 coliculis.

592 3189 653 3250 011.
678 3187 798 3250 Colicae
811 3187 1001 3250 Surrentini.

365 3286 483 3365 Accipe
497 3307 560 3347 non
574 3286 629 3348 rili
643 3289 755 3349 calices
772 3289 812 3348 de
826 3286 954 3369 pulvere
968 3294 1074 3367 natos,

405 3368 469 3429 Sed
481 3370 687 3433 Surrentinae
700 3372 770 3433 leve
784 3381 926 3434 toreuma
938 3376 1035 3437 rotae.
1112 3411 1115 3416 ·

606 3505 680 3570 0111.
707 3505 816 3569 Uolum
832 3506 996 3570 nivarium.

361 3600 502 3680 Setinoa,
521 3622 649 3682 moneo,
669 3613 775 3667 nostra
790 3607 861 3666 nise
877 3607 986 3686 frange
1000 3609 1149 3670 trientes:

401 3684 591 3767 Pauperiore
606 3707 693 3749 mero
706 3691 829 3769 tingere
841 3689 907 3751 lina
921 3697 1020 3773 potes.

1268 468 1327 541 3³1
