3434 4575
679 580 805 628 SATIRA
830 581 887 628 XV.

344 726 375 781 Si
402 723 500 780 vivunt
523 718 646 779 omues?
669 737 742 798 ergo
764 721 862 779 acrior
885 721 1027 798 impetus,
1052 731 1081 781 et
1104 723 1158 781 ianr

344 807 422 866 Saxa
443 804 587 864 inclinatis
613 823 666 881 per
688 804 801 864 brumum
824 806 955 883 quaesita
978 804 1096 865 lacertis

344 889 487 968 Incipiunt
510 899 667 966 torquere,
690 889 850 949 domestica
873 889 1008 949 seditioni

344 973 435 1048 Tela,
459 991 514 1032 uec
535 973 611 1032 huuc
634 973 774 1050 lapidem,
799 972 902 1051 quales
925 983 954 1032 et
977 972 1090 1032 Turnus
1114 980 1144 1031 et
1166 972 1252 1048 Aiax,
1302 983 1337 1038 65

347 1057 401 1118 Vel
424 1075 483 1137 quo
506 1056 634 1132 Tydides
656 1058 802 1134 percussit
824 1057 955 1135 pondere
978 1074 1081 1118 coxam

345 1143 481 1217 Aeneae,
507 1142 561 1200 sed
581 1159 666 1219 quiem
689 1140 806 1200 valeant
828 1143 961 1202 emittere
986 1142 1108 1202 dextrae

344 1226 406 1286 illis
430 1225 586 1285 dissimiles
610 1235 639 1284 et
661 1235 762 1285 nostro
785 1236 918 1304 tempore
941 1236 1036 1286 natae.

344 1310 416 1370 Nam
438 1328 531 1387 genus
555 1311 613 1369 hoc
633 1310 701 1369 vivo
723 1311 779 1369 iam
801 1309 995 1370 decrescebat
1018 1309 1158 1373 Homero:

344 1395 437 1454 Terra
456 1395 550 1453 malos
572 1394 703 1453 homines
727 1412 802 1454 nuuc
828 1394 934 1454 educat
959 1404 1047 1474 utque
1070 1393 1204 1472 pusillos.
1304 1403 1338 1455 to

345 1479 427 1557 Ergo
454 1478 542 1553 deus,
568 1481 741 1556 quicumque
767 1480 898 1555 aspexit,
926 1480 1001 1539 ridet
1024 1489 1053 1538 et
1076 1476 1146 1537 odit.

388 1562 415 1621 Α
437 1563 619 1623 deverticulo
644 1571 794 1641 repetatur
817 1562 924 1623 iabola.
961 1563 1126 1642 Postquain,

344 1646 489 1708 Subsidiis
511 1649 604 1721 aucti,
629 1666 697 1725 pars
719 1647 811 1707 altera
835 1665 971 1726 promere
994 1649 1102 1708 ferrum

346 1732 444 1792 Audet
466 1742 495 1790 et
519 1732 631 1790 inlestis
654 1749 778 1809 pugnam
802 1732 963 1792 instaurare
988 1733 1117 1810 sagittis:

345 1816 442 1894 Terga
468 1816 536 1892 iuga
562 1815 653 1875 celeri
677 1825 841 1893 praestant,
869 1817 1039 1876 instantibus
1064 1814 1172 1887 Ombis,
1305 1825 1338 1876 ts

348 1901 403 1974 Qui
424 1902 518 1959 vicina
546 1900 645 1960 uolunt
668 1899 823 1959 umbrosae
846 1898 973 1974 Tentyra
996 1900 1120 1979 palmae.

346 1984 463 2044 Labitur
489 1983 555 2043 hinc
582 1983 713 2061 quidam,
742 1984 826 2043 nimia
849 1983 1002 2043 formidine
1029 2001 1143 2043 cursum

346 2068 565 2147 Praecipuum,
592 2070 777 2145 capiturque3
805 2077 851 2127 ast
877 2069 1007 2127 illumin
1032 2067 1152 2146 plurima
1177 2077 1288 2127 sectum

346 2152 449 2212 Frusta
476 2162 505 2211 et
526 2153 700 2231 particulas,
723 2162 753 2210 ut
779 2151 875 2211 multis
897 2162 1025 2214 mortuus
1048 2170 1119 2210 nurus

346 2237 521 2313 Sufficeret,
544 2246 634 2297 totum
659 2238 788 2296 corrosis
810 2236 927 2297 ossibus
955 2237 1014 2298 edit
1303 2247 1338 2300 80

348 2323 459 2381 Victrix
484 2320 584 2397 turba,
608 2340 662 2380 nec
685 2322 796 2381 ardenti
822 2321 940 2382 decoxit
963 2340 1038 2382 aeuo

347 2408 406 2465 Aut
427 2405 561 2471 veribus:
586 2405 703 2483 longum
727 2407 914 2484 usqueadeo
936 2407 1106 2486 tardumque
1129 2408 1239 2485 putarit

347 2490 532 2568 Exspectare
556 2492 657 2564 iocos,
684 2499 819 2550 contenta
843 2491 988 2551 cadavere
1010 2491 1110 2551 crudo.

347 2575 401 2635 llic
422 2575 553 2651 gaudere
575 2574 663 2647 libet,
688 2576 764 2652 quod
789 2592 845 2633 uou
870 2574 1024 2635 violaverit
1046 2576 1152 2652 ignem,

347 2659 441 2733 Quem
464 2676 572 2717 summa
599 2660 675 2718 coeli
699 2667 810 2737 raptum
834 2659 871 2718 de
896 2670 978 2737 parte
1001 2659 1190 2719 Prometheus
1303 2670 1338 2723 ῦὸ

348 2743 473 2802 Donavit
496 2745 597 2808 terris:
622 2744 779 2822 [elemento
804 2744 937 2820 gratulor
960 2753 990 2804 et
1011 2753 1040 2803 te

349 2827 504 2886 Exsultare
527 2828 619 2905 reor}
658 2827 716 2887 Sed
740 2829 788 2904 qui
808 2828 944 2887 mordere
968 2827 1094 2888 cadaver

348 2913 504 2982 Sustinuit,
529 2910 568 2971 nil
591 2928 721 2989 umquam
746 2912 800 2971 hac
823 2929 910 2971 carne
933 2911 1071 2972 libentius
1095 2912 1168 2978 edit:

348 2995 420 3056 Nam
442 2995 559 3055 scelere
582 2998 610 3053 in
633 3004 712 3055 tauto
736 3014 773 3055 ne
792 3014 916 3075 quaeras
941 3004 969 3054 et
991 2995 1106 3056 dubites
1128 3015 1163 3056 au

349 3080 440 3140 Prima
461 3080 639 3158 voluptatem
660 3080 728 3157 gula
749 3081 889 3145 senserit:
914 3080 1029 3139 ultimus
1052 3090 1148 3142 autem
1248 3118 1250 3122 -
1306 3090 1339 3143 uo

349 3164 405 3237 Qui
427 3165 523 3238 stetit,
546 3163 698 3243 absumpto
723 3166 777 3224 iam
801 3174 863 3224 toto
887 3181 1032 3243 corpore,
1056 3166 1149 3225 doctis

349 3248 406 3308 Per
431 3258 537 3307 terram
565 3248 662 3326 digitis
684 3250 791 3329 aliquid
814 3249 851 3308 de
877 3252 1018 3315 sacunino
1039 3259 1146 3326 gustat.

348 3332 518 3406 Vascones,
542 3332 616 3392 baec
639 3334 714 3394 laura
738 3343 801 3407 est,
828 3333 972 3393 alimentis
997 3333 1102 3394 talibus
1129 3333 1196 3392 olirn

349 3416 519 3476 Produxere
541 3419 665 3476 animas:
692 3418 745 3478 sed
771 3436 818 3476 res
838 3417 970 3489 diversa,
994 3418 1047 3477 sed
1075 3418 1135 3478 illic

350 3500 496 3560 Fortunae
520 3502 624 3561 invidia
648 3511 693 3561 est
712 3502 916 3579 bellorumque
943 3501 1055 3576 ultima,
1083 3520 1167 3561 casus
1304 3510 1339 3565 95

350 3585 497 3658 Extremi,
524 3585 630 3663 longae
654 3587 714 3646 dira
742 3585 903 3646 obsidionis
926 3595 1053 3663 egestas.

349 3669 439 3730 liuius
460 3671 550 3745 euim,
574 3670 651 3749 quod
677 3689 751 3731 nuuc
773 3672 884 3747 agitur,
906 3670 1073 3730 miserabile
1096 3668 1185 3729 debet

349 3752 523 3832 Exemplum
545 3772 613 3813 esse
636 3753 710 3830 cibi,
733 3755 809 3814 sicut
833 3755 921 3814 modo
947 3753 1023 3813 dicta
1047 3753 1114 3814 mibi
1135 3772 1210 3831 gens

350 3839 420 3898 l'ost
445 3853 545 3897 omnes
570 3836 693 3914 herbas,
717 3847 785 3916 post
806 3847 909 3898 cuncta
933 3836 1081 3914 animalia,
1105 3837 1241 3917 quidquid
