3434 4575
406 430 471 496 208
733 428 777 489 Μ.
793 428 886 491 VAL.
903 428 1131 490 MARTlALlS

491 581 657 643 Nolentem
676 581 832 660 sequitur,
851 587 1026 660 tenuesque
1042 599 1170 642 reversa
1183 599 1245 662 per
1259 602 1350 645 auras

534 664 596 728 Vel
610 664 692 747 pede
706 663 757 725 vel
771 671 879 743 tergo,
901 665 988 725 crine
1002 663 1053 725 vel
1065 684 1168 744 ungue
1185 664 1289 728 sedet.

470 751 627 813 5Lubriea
640 750 773 829 Goryeio
789 749 924 827 quamuis
938 749 1001 808 sint
1012 747 1132 830 pulpita
1146 751 1254 811 nimbo

533 836 575 897 lut
589 836 711 914 rapiant
725 831 847 893 celeres
862 830 931 892 vela
946 839 1058 911 negata
1071 833 1161 911 Noti,

492 918 626 980 Securos
640 919 730 999 pueri
746 914 891 995 neglecta
904 916 1099 996 perambulat
1114 923 1217 997 artus,

534 1004 576 1065 Et
589 1008 683 1062 nocet
699 1002 812 1062 artifici
824 1008 935 1061 ventus
951 1006 984 1061 et
999 998 1080 1060 unda
1094 999 1182 1061 nihil.

493 1088 536 1148 Ut
553 1105 685 1167 peecare
699 1083 793 1163 velis,
814 1104 882 1144 cum
897 1085 1013 1145 feceris
1029 1086 1145 1162 omnia,
1167 1082 1241 1145 falli

451 1183 486 1235 10
534 1172 602 1231 Non
617 1177 722 1251 potes:
743 1175 810 1229 arte
826 1188 902 1249 opus
918 1176 983 1247 est,
1006 1175 1041 1229 nt
1054 1170 1112 1228 tibi
1126 1188 1235 1250 parma
1250 1168 1355 1238 cadat.

763 1344 765 1346 ψ
861 1302 998 1364 XXXIX.

492 1418 596 1477 Prima
610 1414 752 1476 Palatino
767 1415 819 1477 lun
834 1423 883 1475 est
901 1417 978 1475 haee
993 1420 1062 1475 orta
1077 1414 1231 1495 Tonanti,

536 1501 683 1580 Optasset
698 1499 817 1580 Cybele
835 1519 895 1578 qua
908 1501 1071 1580 peperisse
1084 1500 1197 1564 lovem.

493 1586 560 1644 Hae
577 1590 611 1644 et
624 1590 730 1643 saneta
744 1584 804 1643 mei
820 1584 924 1661 genita
940 1590 988 1643 est
1004 1583 1156 1643 Caesonia
1169 1584 1253 1649 Rufi.

536 1666 611 1727 Plus
629 1666 726 1727 dehet
740 1669 831 1727 matri
846 1665 931 1726 nulla
944 1666 1051 1746 puella
1066 1685 1148 1727 suae.

471 1754 647 1818 bLaetatur
662 1753 781 1831 gemina
796 1757 938 1811 votorum
953 1757 1038 1811 sorte
1053 1752 1197 1830 maritus,

537 1837 676 1915 contigit
689 1837 771 1896 hune
785 1832 834 1895 illi
849 1834 932 1915 qnod
946 1836 994 1894 bis
1008 1853 1110 1895 amare
1128 1833 1222 1899 diem.
1282 1914 1288 1924 ἢ

903 1969 967 2030 XL.

494 2083 645 2162 Tarpeias
659 2081 814 2143 Diodorus
830 2082 869 2142 ud
885 2103 1014 2144 coronas

494 2167 621 2226 Romam
637 2186 705 2227 eum
720 2173 846 2246 peteret
861 2167 964 2226 Pharo
979 2165 1107 2245 relicta,
1201 2158 1209 2172 '

493 2251 587 2311 Vovit
601 2271 658 2330 pro
676 2249 779 2310 reditu
796 2251 854 2310 viri
869 2250 1045 2331 Philaenis,

494 2333 582 2393 lllam
595 2333 732 2413 lingeret
747 2341 782 2395 ut
795 2332 902 2414 puella
918 2335 1065 2416 simplex,
1152 2384 1155 2389 .

473 2419 594 2495 bQunm
611 2426 712 2479 costae
729 2437 851 2497 qnoque
868 2417 1000 2497 diligunt
1015 2420 1153 2480 Sabinae.

495 2503 643 2582 Dispersa
657 2510 725 2563 rate
740 2504 883 2563 tristibus
896 2503 1044 2582 procellis

494 2588 619 2647 Mersus
634 2589 778 2648 fluetibus
794 2590 984 2665 obrutusque
997 2595 1094 2668 ponto

496 2670 546 2730 Ad
560 2677 664 2731 votum
679 2670 833 2732 Diodorus
848 2674 991 2732 enatavit.

498 2755 524 2814 0
541 2755 647 2817 tardus
661 2757 753 2818 nimis
769 2763 801 2816 et
815 2758 906 2836 piger
920 2756 1061 2815 maritus!

453 2841 562 2901 loHoe
575 2841 608 2898 in
621 2839 716 2901 litore
731 2842 758 2900 si
771 2838 875 2921 puella
889 2846 992 2899 votum

496 2924 639 2983 Fecisset
653 2943 738 3002 mea,
757 2926 900 3005 protinus
916 2922 1076 2983 redissem.

894 3057 971 3118 XLI.

496 3167 643 3243 Pontice,
666 3164 749 3245 quotl
761 3186 915 3246 nunquam
931 3168 1043 3245 futuis,
1064 3166 1121 3227 sed
1134 3164 1252 3246 pellice
1268 3167 1364 3235 laeva

538 3251 645 3312 Uteris
661 3255 695 3310 et
708 3248 828 3313 Veneri
842 3252 944 3311 servit
956 3252 1051 3311 amica
1065 3270 1189 3331 manns,

495 3336 564 3395 Hoc
576 3333 656 3395 nihil
668 3353 737 3394 esse
749 3334 863 3415 putas?
875 3332 977 3394 scelus
990 3343 1049 3414 est,
1063 3336 1138 3395 mihi
1150 3334 1258 3417 crede,
1271 3339 1333 3401 sed
1345 3342 1457 3422 ingens,

541 3419 693 3495 Quantum
708 3419 758 3479 vix
771 3421 871 3479 animo
887 3420 1023 3499 concipis
1038 3421 1106 3500 ipse
1120 3427 1184 3481 tuo.

474 3503 617 3583 5Nempe
632 3501 730 3563 semel
743 3504 855 3582 futuit,
878 3510 1044 3581 generaret
1057 3504 1206 3564 Horatius
1221 3511 1259 3566 ut
1272 3513 1364 3587 trena

539 3588 625 3649 Mars
640 3586 754 3666 semel,
776 3594 811 3647 ut
824 3589 963 3666 geminos
978 3587 1033 3648 llia
1047 3594 1130 3649 carta
1144 3586 1244 3650 daret.

500 3669 610 3731 Omnia
622 3671 842 3753 perdiderant,
866 3673 892 3731 si
906 3674 1112 3733 masturbatus
1126 3676 1264 3754 uterque
