<?xml version="1.0" encoding="UTF-8"?>
<!DOCTYPE html PUBLIC "-//W3C//DTD XHTML 1.0 Transitional//EN"
    "http://www.w3.org/TR/xhtml1/DTD/xhtml1-transitional.dtd">
<html xmlns="http://www.w3.org/1999/xhtml" xml:lang="en" lang="en">
 <head>
  <title>
</title>
<meta http-equiv="Content-Type" content="text/html;charset=utf-8" />
  <meta name='ocr-system' content='tesseract 3.04.00' />
  <meta name='ocr-capabilities' content='ocr_page ocr_carea ocr_par ocr_line ocrx_word'/>
</head>
<body>
  <div class='ocr_page' id='page_1' title='image "./satirarumlibriq00juvegoog_0347.png"; bbox 0 0 3434 4575; ppageno 0'>
   <div class='ocr_carea' id='block_1_1' title="bbox 591 478 1362 548">
    <p class='ocr_par' dir='ltr' id='par_1_1' title="bbox 591 478 1362 548">
     <span class='ocr_line' id='line_1_1' title="bbox 591 478 1362 548; baseline 0.016 -12"><span class='ocrx_word' id='word_1_1' title='bbox 591 478 933 540; x_wconf 84' lang='lat' dir='ltr'><strong>EPIGRAMMATON</strong></span> <span class='ocrx_word' id='word_1_2' title='bbox 946 481 1020 543; x_wconf 91' lang='lat' dir='ltr'>LlB.</span> <span class='ocrx_word' id='word_1_3' title='bbox 1037 483 1089 544; x_wconf 89' lang='lat' dir='ltr'>Vl.</span> <span class='ocrx_word' id='word_1_4' title='bbox 1305 485 1362 548; x_wconf 79' lang='grc'>141</span> 
     </span>
    </p>
   </div>
   <div class='ocr_carea' id='block_1_2' title="bbox 383 629 1252 1046">
    <p class='ocr_par' dir='ltr' id='par_1_2' title="bbox 383 629 1252 1046">
     <span class='ocr_line' id='line_1_2' title="bbox 450 629 1061 708; baseline 0.005 -19"><span class='ocrx_word' id='word_1_5' title='bbox 450 629 525 689; x_wconf 86' lang='lat' dir='ltr'>Odit</span> <span class='ocrx_word' id='word_1_6' title='bbox 539 636 572 687; x_wconf 88' lang='lat' dir='ltr'>et</span> <span class='ocrx_word' id='word_1_7' title='bbox 585 629 750 707; x_wconf 89' lang='lat' dir='ltr'>hibernos,</span> <span class='ocrx_word' id='word_1_8' title='bbox 773 630 798 688; x_wconf 94' lang='lat' dir='ltr'>si</span> <span class='ocrx_word' id='word_1_9' title='bbox 814 636 961 708; x_wconf 87' lang='lat' dir='ltr'>tepuere,</span> <span class='ocrx_word' id='word_1_10' title='bbox 985 630 1061 694; x_wconf 85' lang='lat' dir='ltr'>dies.</span> 
     </span>
     <span class='ocr_line' id='line_1_3' title="bbox 383 711 1229 796; baseline 0.001 -20"><span class='ocrx_word' id='word_1_11' title='bbox 383 711 489 791; x_wconf 67' lang='lat' dir='ltr'>cquid</span> <span class='ocrx_word' id='word_1_12' title='bbox 503 713 611 771; x_wconf 85' lang='lat' dir='ltr'>iecere</span> <span class='ocrx_word' id='word_1_13' title='bbox 625 711 698 770; x_wconf 84' lang='lat' dir='ltr'>mali</span> <span class='ocrx_word' id='word_1_14' title='bbox 713 720 837 772; x_wconf 89' lang='lat' dir='ltr'>nostrae</span> <span class='ocrx_word' id='word_1_15' title='bbox 853 715 927 791; x_wconf 87' lang='lat' dir='ltr'>tibi,</span> <span class='ocrx_word' id='word_1_16' title='bbox 949 733 1055 793; x_wconf 82' lang='lat' dir='ltr'>saeve,</span> <span class='ocrx_word' id='word_1_17' title='bbox 1069 715 1229 796; x_wconf 90' lang='lat' dir='ltr'>lacernae,</span> 
     </span>
     <span class='ocr_line' id='line_1_4' title="bbox 451 794 1195 878; baseline 0.007 -23"><span class='ocrx_word' id='word_1_18' title='bbox 451 794 579 856; x_wconf 85' lang='lat' dir='ltr'>Tollere</span> <span class='ocrx_word' id='word_1_19' title='bbox 596 795 635 854; x_wconf 88' lang='lat' dir='ltr'>de</span> <span class='ocrx_word' id='word_1_20' title='bbox 651 797 783 875; x_wconf 89' lang='lat' dir='ltr'>scapulis</span> <span class='ocrx_word' id='word_1_21' title='bbox 799 816 874 875; x_wconf 88' lang='lat' dir='ltr'>quas</span> <span class='ocrx_word' id='word_1_22' title='bbox 889 795 967 858; x_wconf 79' lang='lat' dir='ltr'>levis</span> <span class='ocrx_word' id='word_1_23' title='bbox 984 818 1057 858; x_wconf 88' lang='lat' dir='ltr'>aura</span> <span class='ocrx_word' id='word_1_24' title='bbox 1068 802 1195 878; x_wconf 74' lang='lat' dir='ltr'>potest?</span> 
     </span>
     <span class='ocr_line' id='line_1_5' title="bbox 408 879 1252 963; baseline 0.004 -22"><span class='ocrx_word' id='word_1_25' title='bbox 408 884 529 958; x_wconf 75' lang='lat' dir='ltr'>Quanto</span> <span class='ocrx_word' id='word_1_26' title='bbox 545 879 732 959; x_wconf 77' lang='lat' dir='ltr'>simplicius,</span> <span class='ocrx_word' id='word_1_27' title='bbox 755 889 868 959; x_wconf 91' lang='lat' dir='ltr'>quanto</span> <span class='ocrx_word' id='word_1_28' title='bbox 884 887 933 941; x_wconf 88' lang='lat' dir='ltr'>est</span> <span class='ocrx_word' id='word_1_29' title='bbox 947 882 1108 942; x_wconf 77' lang='lat' dir='ltr'>humanius</span> <span class='ocrx_word' id='word_1_30' title='bbox 1121 882 1218 963; x_wconf 89' lang='lat' dir='ltr'>illud,</span> <span class='ocrx_word' id='word_1_31' title='bbox 1244 889 1252 905; x_wconf 90' lang='grc'><em>“</em></span> 
     </span>
     <span class='ocr_line' id='line_1_6' title="bbox 447 963 1135 1046; baseline 0.001 -21"><span class='ocrx_word' id='word_1_32' title='bbox 447 965 559 1025; x_wconf 87' lang='lat' dir='ltr'>Mense</span> <span class='ocrx_word' id='word_1_33' title='bbox 573 963 624 1024; x_wconf 90' lang='lat' dir='ltr'>vel</span> <span class='ocrx_word' id='word_1_34' title='bbox 638 964 776 1042; x_wconf 83' lang='lat' dir='ltr'>Augusto</span> <span class='ocrx_word' id='word_1_35' title='bbox 793 983 916 1025; x_wconf 89' lang='lat' dir='ltr'>sumere</span> <span class='ocrx_word' id='word_1_36' title='bbox 932 968 1135 1046; x_wconf 72' lang='lat' dir='ltr'>gausapiuas‘i</span> 
     </span>
    </p>
   </div>
   <div class='ocr_carea' id='block_1_3' title="bbox 815 1099 1004 1160">
    <p class='ocr_par' dir='ltr' id='par_1_3' title="bbox 815 1099 1004 1160">
     <span class='ocr_line' id='line_1_7' title="bbox 815 1099 1004 1160; baseline 0 -1"><span class='ocrx_word' id='word_1_37' title='bbox 815 1099 878 1160; x_wconf 85' lang='lat' dir='ltr'>LX.</span> <span class='ocrx_word' id='word_1_38' title='bbox 1002 1111 1004 1114; x_wconf 80' lang='grc'><strong>’</strong></span> 
     </span>
    </p>
   </div>
   <div class='ocr_carea' id='block_1_4' title="bbox 360 1195 1272 2017">
    <p class='ocr_par' dir='ltr' id='par_1_4' title="bbox 360 1195 1272 2017">
     <span class='ocr_line' id='line_1_8' title="bbox 405 1195 1259 1279; baseline 0.002 -22"><span class='ocrx_word' id='word_1_39' title='bbox 405 1199 483 1258; x_wconf 88' lang='lat' dir='ltr'>Rem</span> <span class='ocrx_word' id='word_1_40' title='bbox 497 1197 609 1256; x_wconf 87' lang='lat' dir='ltr'>factam</span> <span class='ocrx_word' id='word_1_41' title='bbox 624 1195 803 1276; x_wconf 81' lang='lat' dir='ltr'>Pompullus</span> <span class='ocrx_word' id='word_1_42' title='bbox 818 1199 930 1277; x_wconf 89' lang='lat' dir='ltr'>habet,</span> <span class='ocrx_word' id='word_1_43' title='bbox 951 1198 1115 1259; x_wconf 84' lang='lat' dir='ltr'>Faustiue:</span> <span class='ocrx_word' id='word_1_44' title='bbox 1136 1198 1259 1279; x_wconf 83' lang='lat' dir='ltr'>legetur</span> 
     </span>
     <span class='ocr_line' id='line_1_9' title="bbox 446 1283 1086 1360; baseline 0.003 -20"><span class='ocrx_word' id='word_1_45' title='bbox 446 1283 488 1341; x_wconf 80' lang='lat' dir='ltr'>lit</span> <span class='ocrx_word' id='word_1_46' title='bbox 500 1299 613 1340; x_wconf 88' lang='lat' dir='ltr'>nomen</span> <span class='ocrx_word' id='word_1_47' title='bbox 627 1286 692 1340; x_wconf 89' lang='lat' dir='ltr'>toto</span> <span class='ocrx_word' id='word_1_48' title='bbox 708 1288 833 1360; x_wconf 84' lang='lat' dir='ltr'>sparget</span> <span class='ocrx_word' id='word_1_49' title='bbox 850 1284 883 1341; x_wconf 91' lang='lat' dir='ltr'>in</span> <span class='ocrx_word' id='word_1_50' title='bbox 900 1284 976 1342; x_wconf 87' lang='lat' dir='ltr'>orbe</span> <span class='ocrx_word' id='word_1_51' title='bbox 991 1302 1086 1343; x_wconf 92' lang='lat' dir='ltr'>suum.</span> 
     </span>
     <span class='ocr_line' id='line_1_10' title="bbox 406 1363 1124 1445; baseline 0.003 -20"><span class='ocrx_word' id='word_1_52' title='bbox 406 1366 458 1425; x_wconf 85' lang='lat' dir='ltr'>Sic</span> <span class='ocrx_word' id='word_1_53' title='bbox 471 1363 543 1424; x_wconf 83' lang='lat' dir='ltr'>leve</span> <span class='ocrx_word' id='word_1_54' title='bbox 557 1364 704 1424; x_wconf 82' lang='lat' dir='ltr'>flavorum</span> <span class='ocrx_word' id='word_1_55' title='bbox 718 1365 818 1425; x_wconf 85' lang='lat' dir='ltr'>valeat</span> <span class='ocrx_word' id='word_1_56' title='bbox 832 1384 929 1444; x_wconf 80' lang='lat' dir='ltr'>genus</span> <span class='ocrx_word' id='word_1_57' title='bbox 944 1367 1124 1445; x_wconf 88' lang='lat' dir='ltr'>Usiporum,</span> 
     </span>
     <span class='ocr_line' id='line_1_11' title="bbox 447 1450 1181 1531; baseline 0.001 -22"><span class='ocrx_word' id='word_1_58' title='bbox 447 1450 593 1529; x_wconf 79' lang='lat' dir='ltr'>Quisquis</span> <span class='ocrx_word' id='word_1_59' title='bbox 608 1456 641 1508; x_wconf 90' lang='lat' dir='ltr'>et</span> <span class='ocrx_word' id='word_1_60' title='bbox 655 1450 824 1509; x_wconf 78' lang='lat' dir='ltr'>Ausonium</span> <span class='ocrx_word' id='word_1_61' title='bbox 838 1470 902 1510; x_wconf 91' lang='lat' dir='ltr'>non</span> <span class='ocrx_word' id='word_1_62' title='bbox 915 1456 995 1510; x_wconf 89' lang='lat' dir='ltr'>amat</span> <span class='ocrx_word' id='word_1_63' title='bbox 1008 1452 1181 1531; x_wconf 88' lang='lat' dir='ltr'>imperium.</span> 
     </span>
     <span class='ocr_line' id='line_1_12' title="bbox 379 1531 1159 1615; baseline -0.003 -21"><span class='ocrx_word' id='word_1_64' title='bbox 379 1535 565 1611; x_wconf 71' lang='lat' dir='ltr'>olugeuiosa</span> <span class='ocrx_word' id='word_1_65' title='bbox 579 1538 683 1593; x_wconf 87' lang='lat' dir='ltr'>tamen</span> <span class='ocrx_word' id='word_1_66' title='bbox 697 1531 854 1613; x_wconf 88' lang='lat' dir='ltr'>Pompulli</span> <span class='ocrx_word' id='word_1_67' title='bbox 869 1536 985 1615; x_wconf 85' lang='lat' dir='ltr'>scripta</span> <span class='ocrx_word' id='word_1_68' title='bbox 998 1535 1159 1595; x_wconf 83' lang='lat' dir='ltr'>feruutur:</span> 
     </span>
     <span class='ocr_line' id='line_1_13' title="bbox 447 1617 1188 1697; baseline 0.004 -20"><span class='ocrx_word' id='word_1_69' title='bbox 447 1617 510 1677; x_wconf 89' lang='lat' dir='ltr'>Sed</span> <span class='ocrx_word' id='word_1_70' title='bbox 523 1618 622 1676; x_wconf 86' lang='lat' dir='ltr'>famae</span> <span class='ocrx_word' id='word_1_71' title='bbox 637 1637 698 1677; x_wconf 86' lang='lat' dir='ltr'>uon</span> <span class='ocrx_word' id='word_1_72' title='bbox 715 1624 763 1677; x_wconf 90' lang='lat' dir='ltr'>est</span> <span class='ocrx_word' id='word_1_73' title='bbox 780 1619 856 1697; x_wconf 93' lang='lat' dir='ltr'>hoc,</span> <span class='ocrx_word' id='word_1_74' title='bbox 879 1620 954 1678; x_wconf 88' lang='lat' dir='ltr'>mihi</span> <span class='ocrx_word' id='word_1_75' title='bbox 971 1618 1083 1696; x_wconf 88' lang='lat' dir='ltr'>crede,</span> <span class='ocrx_word' id='word_1_76' title='bbox 1104 1619 1188 1680; x_wconf 88' lang='lat' dir='ltr'>satis.</span> 
     </span>
     <span class='ocr_line' id='line_1_14' title="bbox 405 1700 1190 1781; baseline 0.001 -21"><span class='ocrx_word' id='word_1_77' title='bbox 405 1702 500 1778; x_wconf 79' lang='lat' dir='ltr'>Quam</span> <span class='ocrx_word' id='word_1_78' title='bbox 514 1700 603 1760; x_wconf 92' lang='lat' dir='ltr'>multi</span> <span class='ocrx_word' id='word_1_79' title='bbox 617 1702 717 1760; x_wconf 85' lang='lat' dir='ltr'>tineas</span> <span class='ocrx_word' id='word_1_80' title='bbox 732 1709 862 1781; x_wconf 90' lang='lat' dir='ltr'>pascunt</span> <span class='ocrx_word' id='word_1_81' title='bbox 873 1700 1047 1781; x_wconf 77' lang='lat' dir='ltr'>blattasque</span> <span class='ocrx_word' id='word_1_82' title='bbox 1063 1702 1190 1781; x_wconf 87' lang='lat' dir='ltr'>diserti,</span> 
     </span>
     <span class='ocr_line' id='line_1_15' title="bbox 445 1783 1087 1845; baseline 0 0"><span class='ocrx_word' id='word_1_83' title='bbox 445 1787 486 1845; x_wconf 81' lang='lat' dir='ltr'>ut</span> <span class='ocrx_word' id='word_1_84' title='bbox 500 1785 657 1845; x_wconf 89' lang='lat' dir='ltr'>redimunt</span> <span class='ocrx_word' id='word_1_85' title='bbox 671 1783 731 1844; x_wconf 85' lang='lat' dir='ltr'>soli</span> <span class='ocrx_word' id='word_1_86' title='bbox 747 1787 883 1845; x_wconf 89' lang='lat' dir='ltr'>carmiua</span> <span class='ocrx_word' id='word_1_87' title='bbox 901 1785 992 1845; x_wconf 85' lang='lat' dir='ltr'>docta</span> <span class='ocrx_word' id='word_1_88' title='bbox 1006 1787 1087 1845; x_wconf 87' lang='lat' dir='ltr'>cocil</span> 
     </span>
     <span class='ocr_line' id='line_1_16' title="bbox 404 1866 1272 1948; baseline -0.002 -19"><span class='ocrx_word' id='word_1_89' title='bbox 404 1871 515 1930; x_wconf 88' lang='lat' dir='ltr'>Nescio</span> <span class='ocrx_word' id='word_1_90' title='bbox 532 1867 606 1947; x_wconf 88' lang='lat' dir='ltr'>quid</span> <span class='ocrx_word' id='word_1_91' title='bbox 622 1866 693 1947; x_wconf 92' lang='lat' dir='ltr'>plus</span> <span class='ocrx_word' id='word_1_92' title='bbox 707 1876 772 1945; x_wconf 89' lang='lat' dir='ltr'>est,</span> <span class='ocrx_word' id='word_1_93' title='bbox 795 1867 878 1948; x_wconf 88' lang='lat' dir='ltr'>quod</span> <span class='ocrx_word' id='word_1_94' title='bbox 894 1867 988 1929; x_wconf 89' lang='lat' dir='ltr'>donat</span> <span class='ocrx_word' id='word_1_95' title='bbox 1003 1868 1125 1930; x_wconf 88' lang='lat' dir='ltr'>saecula</span> <span class='ocrx_word' id='word_1_96' title='bbox 1141 1869 1272 1930; x_wconf 84' lang='lat' dir='ltr'>chartis:</span> 
     </span>
     <span class='ocr_line' id='line_1_17' title="bbox 360 1950 1087 2017; baseline -0.006 -1"><span class='ocrx_word' id='word_1_97' title='bbox 360 1964 395 2017; x_wconf 91' lang='lat'>10</span> <span class='ocrx_word' id='word_1_98' title='bbox 443 1954 590 2015; x_wconf 88' lang='lat' dir='ltr'>Victurus</span> <span class='ocrx_word' id='word_1_99' title='bbox 605 1953 738 2013; x_wconf 88' lang='lat' dir='ltr'>Genium</span> <span class='ocrx_word' id='word_1_100' title='bbox 753 1951 848 2013; x_wconf 87' lang='lat' dir='ltr'>debet</span> <span class='ocrx_word' id='word_1_101' title='bbox 862 1953 979 2013; x_wconf 88' lang='lat' dir='ltr'>habere</span> <span class='ocrx_word' id='word_1_102' title='bbox 995 1950 1087 2012; x_wconf 89' lang='lat' dir='ltr'>liber.</span> 
     </span>
    </p>
   </div>
   <div class='ocr_carea' id='block_1_5' title="bbox 806 2086 883 2146">
    <p class='ocr_par' dir='ltr' id='par_1_5' title="bbox 806 2086 883 2146">
     <span class='ocr_line' id='line_1_18' title="bbox 806 2086 883 2146; baseline 0.013 -1"><span class='ocrx_word' id='word_1_103' title='bbox 806 2086 883 2146; x_wconf 85' lang='lat' dir='ltr'><strong>LXI.</strong></span> 
     </span>
    </p>
   </div>
   <div class='ocr_carea' id='block_1_6' title="bbox 402 2181 1272 2348">
    <p class='ocr_par' dir='ltr' id='par_1_6' title="bbox 402 2181 1272 2348">
     <span class='ocr_line' id='line_1_19' title="bbox 402 2181 1272 2264; baseline 0.001 -20"><span class='ocrx_word' id='word_1_104' title='bbox 402 2181 538 2261; x_wconf 86' lang='lat' dir='ltr'>Laudat,</span> <span class='ocrx_word' id='word_1_105' title='bbox 560 2189 656 2260; x_wconf 86' lang='lat' dir='ltr'>amat,</span> <span class='ocrx_word' id='word_1_106' title='bbox 679 2189 781 2243; x_wconf 87' lang='lat' dir='ltr'>cantat</span> <span class='ocrx_word' id='word_1_107' title='bbox 794 2190 919 2244; x_wconf 87' lang='lat' dir='ltr'>nostros</span> <span class='ocrx_word' id='word_1_108' title='bbox 933 2203 1000 2244; x_wconf 86' lang='lat' dir='ltr'>mea</span> <span class='ocrx_word' id='word_1_109' title='bbox 1013 2183 1110 2244; x_wconf 85' lang='lat' dir='ltr'>Roma</span> <span class='ocrx_word' id='word_1_110' title='bbox 1126 2181 1272 2264; x_wconf 87' lang='lat' dir='ltr'>libellos,</span> 
     </span>
     <span class='ocr_line' id='line_1_20' title="bbox 444 2268 1209 2348; baseline 0.004 -21"><span class='ocrx_word' id='word_1_111' title='bbox 444 2268 560 2348; x_wconf 87' lang='lat' dir='ltr'>Meque</span> <span class='ocrx_word' id='word_1_112' title='bbox 575 2269 659 2327; x_wconf 90' lang='lat' dir='ltr'>sinus</span> <span class='ocrx_word' id='word_1_113' title='bbox 674 2270 788 2348; x_wconf 89' lang='lat' dir='ltr'>omnis,</span> <span class='ocrx_word' id='word_1_114' title='bbox 809 2286 858 2328; x_wconf 87' lang='lat' dir='ltr'>me</span> <span class='ocrx_word' id='word_1_115' title='bbox 874 2290 979 2330; x_wconf 92' lang='lat' dir='ltr'>manus</span> <span class='ocrx_word' id='word_1_116' title='bbox 994 2269 1092 2330; x_wconf 83' lang='lat' dir='ltr'>omnis</span> <span class='ocrx_word' id='word_1_117' title='bbox 1106 2269 1209 2330; x_wconf 87' lang='lat' dir='ltr'>habet.</span> 
     </span>
    </p>
   </div>
   <div class='ocr_carea' id='block_1_7' title="bbox 402 2350 1275 2519">
    <p class='ocr_par' dir='ltr' id='par_1_7' title="bbox 402 2350 1275 2519">
     <span class='ocr_line' id='line_1_21' title="bbox 402 2350 1275 2434; baseline 0.002 -22"><span class='ocrx_word' id='word_1_118' title='bbox 402 2353 485 2412; x_wconf 86' lang='lat' dir='ltr'>Ecce</span> <span class='ocrx_word' id='word_1_119' title='bbox 504 2354 597 2412; x_wconf 87' lang='lat' dir='ltr'>rubet</span> <span class='ocrx_word' id='word_1_120' title='bbox 612 2350 750 2431; x_wconf 89' lang='lat' dir='ltr'>quidam,</span> <span class='ocrx_word' id='word_1_121' title='bbox 769 2352 884 2433; x_wconf 90' lang='lat' dir='ltr'>pallet,</span> <span class='ocrx_word' id='word_1_122' title='bbox 907 2360 1027 2434; x_wconf 88' lang='lat' dir='ltr'>stupet,</span> <span class='ocrx_word' id='word_1_123' title='bbox 1051 2355 1177 2432; x_wconf 87' lang='lat' dir='ltr'>oscitat,</span> <span class='ocrx_word' id='word_1_124' title='bbox 1200 2353 1275 2415; x_wconf 88' lang='lat' dir='ltr'>odit.</span> 
     </span>
     <span class='ocr_line' id='line_1_22' title="bbox 444 2433 1242 2519; baseline 0.004 -25"><span class='ocrx_word' id='word_1_125' title='bbox 444 2437 512 2495; x_wconf 93' lang='lat' dir='ltr'>Hoc</span> <span class='ocrx_word' id='word_1_126' title='bbox 526 2433 613 2495; x_wconf 85' lang='lat' dir='ltr'>volo:</span> <span class='ocrx_word' id='word_1_127' title='bbox 636 2455 717 2496; x_wconf 88' lang='lat' dir='ltr'>nunc</span> <span class='ocrx_word' id='word_1_128' title='bbox 731 2438 820 2496; x_wconf 90' lang='lat' dir='ltr'>uobis</span> <span class='ocrx_word' id='word_1_129' title='bbox 839 2439 973 2497; x_wconf 88' lang='lat' dir='ltr'>carmina</span> <span class='ocrx_word' id='word_1_130' title='bbox 987 2443 1093 2497; x_wconf 89' lang='lat' dir='ltr'>nostra</span> <span class='ocrx_word' id='word_1_131' title='bbox 1106 2436 1242 2519; x_wconf 88' lang='lat' dir='ltr'>placent.</span> 
     </span>
    </p>
   </div>
   <div class='ocr_carea' id='block_1_8' title="bbox 795 2570 886 2633">
    <p class='ocr_par' dir='ltr' id='par_1_8' title="bbox 795 2570 886 2633">
     <span class='ocr_line' id='line_1_23' title="bbox 795 2570 886 2633; baseline 0.044 -5"><span class='ocrx_word' id='word_1_132' title='bbox 795 2570 886 2633; x_wconf 81' lang='lat' dir='ltr'><strong>LXII.</strong></span> 
     </span>
    </p>
   </div>
   <div class='ocr_carea' id='block_1_9' title="bbox 402 2664 1059 2980">
    <p class='ocr_par' dir='ltr' id='par_1_9' title="bbox 403 2664 913 2747">
     <span class='ocr_line' id='line_1_24' title="bbox 403 2664 913 2747; baseline 0.002 -23"><span class='ocrx_word' id='word_1_133' title='bbox 403 2665 514 2725; x_wconf 82' lang='lat' dir='ltr'>Amisit</span> <span class='ocrx_word' id='word_1_134' title='bbox 527 2676 617 2747; x_wconf 89' lang='lat' dir='ltr'>pater</span> <span class='ocrx_word' id='word_1_135' title='bbox 632 2668 754 2726; x_wconf 88' lang='lat' dir='ltr'>unicum</span> <span class='ocrx_word' id='word_1_136' title='bbox 769 2664 913 2725; x_wconf 86' lang='lat' dir='ltr'>Salanus:</span> 
     </span>
    </p>

    <p class='ocr_par' dir='ltr' id='par_1_10' title="bbox 402 2749 1059 2980">
     <span class='ocr_line' id='line_1_25' title="bbox 403 2749 1000 2829; baseline -0.002 -20"><span class='ocrx_word' id='word_1_137' title='bbox 403 2750 514 2810; x_wconf 83' lang='lat' dir='ltr'>Cessas</span> <span class='ocrx_word' id='word_1_138' title='bbox 530 2752 656 2810; x_wconf 91' lang='lat' dir='ltr'>mittere</span> <span class='ocrx_word' id='word_1_139' title='bbox 671 2769 815 2826; x_wconf 86' lang='lat' dir='ltr'>munera,</span> <span class='ocrx_word' id='word_1_140' title='bbox 838 2749 1000 2829; x_wconf 73' lang='lat' dir='ltr'>Oppiaue‘i</span> 
     </span>
     <span class='ocr_line' id='line_1_26' title="bbox 402 2831 1059 2913; baseline 0 -20"><span class='ocrx_word' id='word_1_141' title='bbox 402 2835 488 2913; x_wconf 93' lang='lat' dir='ltr'>Heu,</span> <span class='ocrx_word' id='word_1_142' title='bbox 511 2834 638 2895; x_wconf 85' lang='lat' dir='ltr'>crudele</span> <span class='ocrx_word' id='word_1_143' title='bbox 652 2835 740 2893; x_wconf 85' lang='lat' dir='ltr'>naias</span> <span class='ocrx_word' id='word_1_144' title='bbox 754 2831 914 2912; x_wconf 88' lang='lat' dir='ltr'>malaeque</span> <span class='ocrx_word' id='word_1_145' title='bbox 928 2834 1059 2895; x_wconf 86' lang='lat' dir='ltr'>Parcae!</span> 
     </span>
     <span class='ocr_line' id='line_1_27' title="bbox 404 2917 962 2980; baseline 0.002 -3"><span class='ocrx_word' id='word_1_146' title='bbox 404 2918 499 2978; x_wconf 84' lang='lat' dir='ltr'>Cuius</span> <span class='ocrx_word' id='word_1_147' title='bbox 515 2918 643 2980; x_wconf 90' lang='lat' dir='ltr'>volturis</span> <span class='ocrx_word' id='word_1_148' title='bbox 658 2920 717 2979; x_wconf 91' lang='lat' dir='ltr'>hoc</span> <span class='ocrx_word' id='word_1_149' title='bbox 732 2920 795 2979; x_wconf 84' lang='lat' dir='ltr'>crit</span> <span class='ocrx_word' id='word_1_150' title='bbox 809 2917 962 2979; x_wconf 71' lang='lat' dir='ltr'>cadaver?</span> 
     </span>
    </p>
   </div>
   <div class='ocr_carea' id='block_1_10' title="bbox 788 3053 893 3114">
    <p class='ocr_par' dir='ltr' id='par_1_11' title="bbox 788 3053 893 3114">
     <span class='ocr_line' id='line_1_28' title="bbox 788 3053 893 3114; baseline -0.01 0"><span class='ocrx_word' id='word_1_151' title='bbox 788 3053 893 3114; x_wconf 86' lang='lat' dir='ltr'>LXlll.</span> 
     </span>
    </p>
   </div>
   <div class='ocr_carea' id='block_1_11' title="bbox 378 3149 1287 3714">
    <p class='ocr_par' dir='ltr' id='par_1_12' title="bbox 378 3149 1287 3714">
     <span class='ocr_line' id='line_1_29' title="bbox 403 3149 1213 3233; baseline 0.005 -24"><span class='ocrx_word' id='word_1_152' title='bbox 403 3149 470 3211; x_wconf 89' lang='lat' dir='ltr'>Scis</span> <span class='ocrx_word' id='word_1_153' title='bbox 485 3157 519 3212; x_wconf 91' lang='lat' dir='ltr'>te</span> <span class='ocrx_word' id='word_1_154' title='bbox 535 3154 668 3233; x_wconf 89' lang='lat' dir='ltr'>captari,</span> <span class='ocrx_word' id='word_1_155' title='bbox 690 3154 750 3213; x_wconf 87' lang='lat' dir='ltr'>scis</span> <span class='ocrx_word' id='word_1_156' title='bbox 764 3154 846 3213; x_wconf 88' lang='lat' dir='ltr'>huuc</span> <span class='ocrx_word' id='word_1_157' title='bbox 863 3155 915 3232; x_wconf 94' lang='lat' dir='ltr'>qui</span> <span class='ocrx_word' id='word_1_158' title='bbox 932 3159 1051 3233; x_wconf 83' lang='lat' dir='ltr'>captat,</span> <span class='ocrx_word' id='word_1_159' title='bbox 1074 3172 1213 3231; x_wconf 88' lang='lat' dir='ltr'>avarum,</span> 
     </span>
     <span class='ocr_line' id='line_1_30' title="bbox 443 3236 1160 3317; baseline 0.007 -23"><span class='ocrx_word' id='word_1_160' title='bbox 443 3236 485 3294; x_wconf 82' lang='lat' dir='ltr'>Et</span> <span class='ocrx_word' id='word_1_161' title='bbox 499 3238 559 3296; x_wconf 85' lang='lat' dir='ltr'>scis</span> <span class='ocrx_word' id='word_1_162' title='bbox 575 3238 627 3313; x_wconf 89' lang='lat' dir='ltr'>qui</span> <span class='ocrx_word' id='word_1_163' title='bbox 641 3242 760 3317; x_wconf 85' lang='lat' dir='ltr'>captat,</span> <span class='ocrx_word' id='word_1_164' title='bbox 783 3236 874 3315; x_wconf 84' lang='lat' dir='ltr'>quid,</span> <span class='ocrx_word' id='word_1_165' title='bbox 896 3237 1052 3312; x_wconf 81' lang='lat' dir='ltr'>Marione,</span> <span class='ocrx_word' id='word_1_166' title='bbox 1075 3237 1160 3299; x_wconf 88' lang='lat' dir='ltr'>velit.</span> 
     </span>
     <span class='ocr_line' id='line_1_31' title="bbox 402 3319 1281 3399; baseline 0.001 -21"><span class='ocrx_word' id='word_1_167' title='bbox 402 3319 452 3379; x_wconf 84' lang='lat' dir='ltr'>&#39;lu</span> <span class='ocrx_word' id='word_1_168' title='bbox 468 3328 570 3379; x_wconf 86' lang='lat' dir='ltr'>tameu</span> <span class='ocrx_word' id='word_1_169' title='bbox 583 3322 665 3379; x_wconf 87' lang='lat' dir='ltr'>hunc</span> <span class='ocrx_word' id='word_1_170' title='bbox 679 3320 793 3380; x_wconf 88' lang='lat' dir='ltr'>tabulis</span> <span class='ocrx_word' id='word_1_171' title='bbox 806 3319 972 3399; x_wconf 87' lang='lat' dir='ltr'>heredem,</span> <span class='ocrx_word' id='word_1_172' title='bbox 994 3319 1107 3398; x_wconf 90' lang='lat' dir='ltr'>stulte,</span> <span class='ocrx_word' id='word_1_173' title='bbox 1129 3321 1281 3399; x_wconf 89' lang='lat' dir='ltr'>supremis</span> 
     </span>
     <span class='ocr_line' id='line_1_32' title="bbox 444 3402 1103 3481; baseline 0.005 -19"><span class='ocrx_word' id='word_1_174' title='bbox 444 3403 561 3462; x_wconf 89' lang='lat' dir='ltr'>Scribis</span> <span class='ocrx_word' id='word_1_175' title='bbox 577 3409 610 3461; x_wconf 90' lang='lat' dir='ltr'>et</span> <span class='ocrx_word' id='word_1_176' title='bbox 628 3421 698 3462; x_wconf 90' lang='lat' dir='ltr'>esse</span> <span class='ocrx_word' id='word_1_177' title='bbox 712 3410 765 3462; x_wconf 86' lang='lat' dir='ltr'>tuo</span> <span class='ocrx_word' id='word_1_178' title='bbox 780 3405 843 3480; x_wconf 84' lang='lat' dir='ltr'>ris,</span> <span class='ocrx_word' id='word_1_179' title='bbox 865 3404 1002 3481; x_wconf 84' lang='lat' dir='ltr'>furiose,</span> <span class='ocrx_word' id='word_1_180' title='bbox 1022 3402 1103 3465; x_wconf 86' lang='lat' dir='ltr'>loco.</span> 
     </span>
     <span class='ocr_line' id='line_1_33' title="bbox 378 3486 1287 3563; baseline -0.004 -15"><span class='ocrx_word' id='word_1_181' title='bbox 378 3486 560 3563; x_wconf 77' lang='lat' dir='ltr'>5„Muuera</span> <span class='ocrx_word' id='word_1_182' title='bbox 574 3504 682 3563; x_wconf 82' lang='lat' dir='ltr'>magua</span> <span class='ocrx_word' id='word_1_183' title='bbox 696 3491 800 3545; x_wconf 88' lang='lat' dir='ltr'>tamen</span> <span class='ocrx_word' id='word_1_184' title='bbox 814 3487 931 3545; x_wconf 84' lang='lat' dir='ltr'>misit.“</span> <span class='ocrx_word' id='word_1_185' title='bbox 961 3486 1024 3546; x_wconf 83' lang='lat' dir='ltr'>Sed</span> <span class='ocrx_word' id='word_1_186' title='bbox 1039 3486 1123 3546; x_wconf 89' lang='lat' dir='ltr'>misit</span> <span class='ocrx_word' id='word_1_187' title='bbox 1136 3486 1170 3545; x_wconf 92' lang='lat' dir='ltr'>iu</span> <span class='ocrx_word' id='word_1_188' title='bbox 1181 3486 1287 3559; x_wconf 84' lang='lat' dir='ltr'>hamo;</span> 
     </span>
     <span class='ocr_line' id='line_1_34' title="bbox 443 3570 1056 3649; baseline 0.002 -21"><span class='ocrx_word' id='word_1_189' title='bbox 443 3570 486 3629; x_wconf 77' lang='lat' dir='ltr'>ut</span> <span class='ocrx_word' id='word_1_190' title='bbox 498 3572 685 3648; x_wconf 88' lang='lat' dir='ltr'>piscatorem</span> <span class='ocrx_word' id='word_1_191' title='bbox 701 3570 795 3648; x_wconf 88' lang='lat' dir='ltr'>piscis</span> <span class='ocrx_word' id='word_1_192' title='bbox 811 3588 914 3628; x_wconf 90' lang='lat' dir='ltr'>amare</span> <span class='ocrx_word' id='word_1_193' title='bbox 928 3570 1056 3649; x_wconf 70' lang='lat' dir='ltr'>potest?</span> 
     </span>
     <span class='ocr_line' id='line_1_35' title="bbox 400 3651 1042 3714; baseline 0.003 -3"><span class='ocrx_word' id='word_1_194' title='bbox 400 3653 515 3712; x_wconf 88' lang='lat' dir='ltr'>Hicine</span> <span class='ocrx_word' id='word_1_195' title='bbox 531 3652 661 3713; x_wconf 86' lang='lat' dir='ltr'>deflebit</span> <span class='ocrx_word' id='word_1_196' title='bbox 674 3671 750 3714; x_wconf 81' lang='lat' dir='ltr'>vero</span> <span class='ocrx_word' id='word_1_197' title='bbox 765 3659 818 3713; x_wconf 92' lang='lat' dir='ltr'>tua</span> <span class='ocrx_word' id='word_1_198' title='bbox 831 3654 895 3713; x_wconf 81' lang='lat' dir='ltr'>fata</span> <span class='ocrx_word' id='word_1_199' title='bbox 910 3651 1042 3714; x_wconf 75' lang='lat' dir='ltr'>dolore‘l</span> 
     </span>
    </p>
   </div>
   <div class='ocr_carea' id='block_1_12' title="bbox 444 3734 1163 3819">
    <p class='ocr_par' dir='ltr' id='par_1_13' title="bbox 444 3734 1163 3819">
     <span class='ocr_line' id='line_1_36' title="bbox 444 3734 1163 3819; baseline 0.004 -22"><span class='ocrx_word' id='word_1_200' title='bbox 444 3737 478 3797; x_wconf 77' lang='lat' dir='ltr'>Si</span> <span class='ocrx_word' id='word_1_201' title='bbox 493 3740 597 3819; x_wconf 90' lang='lat' dir='ltr'>cupis,</span> <span class='ocrx_word' id='word_1_202' title='bbox 616 3744 651 3798; x_wconf 93' lang='lat' dir='ltr'>ut</span> <span class='ocrx_word' id='word_1_203' title='bbox 663 3739 783 3819; x_wconf 85' lang='lat' dir='ltr'>ploret,</span> <span class='ocrx_word' id='word_1_204' title='bbox 805 3736 878 3817; x_wconf 86' lang='lat' dir='ltr'>des,</span> <span class='ocrx_word' id='word_1_205' title='bbox 899 3737 1056 3818; x_wconf 85' lang='lat' dir='ltr'>Mariaue,</span> <span class='ocrx_word' id='word_1_206' title='bbox 1076 3734 1163 3800; x_wconf 83' lang='lat' dir='ltr'>uilril.</span> 
     </span>
    </p>
   </div>
   <div class='ocr_carea' id='block_1_13' title="bbox 0 0 1722 4575">
    <p class='ocr_par' dir='ltr' id='par_1_14' title="bbox 0 0 1722 4575">
     <span class='ocr_line' id='line_1_37' title="bbox 0 0 1722 4575; baseline 0 0"><span class='ocrx_word' id='word_1_207' title='bbox 0 0 1722 4575; x_wconf 95' lang='lat' dir='ltr'> </span> 
     </span>
    </p>
   </div>
  </div>
 </body>
</html>
