3434 4575
422 484 438 538 4
749 491 783 537 1).
800 491 872 539 mn.
891 491 1078 538 mvrartnuts

421 633 505 712 ipsos
529 630 710 710 Troiugenas
734 631 814 709 (nam
836 639 944 690 vexant
966 629 1052 690 limen
1076 630 1182 708 stipsi
1371 641 1419 692 loo

421 714 613 796 Nobiscum:
637 715 682 776 Da
705 717 851 793 praetori,
875 714 911 775 da
934 714 1041 775 deinde
1061 713 1191 773 tribuno!

421 800 480 861 Sed
502 800 654 861 libertinus
677 801 758 878 prior
780 808 841 859 est:
864 797 966 876 Prior,
989 801 1097 877 inquit,
1121 816 1179 875 ego
1202 799 1318 864 adsum;

423 883 481 945 Gur
502 886 618 945 timeam
639 884 805 945 dubitemve
827 883 924 943 locum
944 882 1121 959 defendere,
1143 885 1273 962 quamvis

422 969 511 1030 Natus
531 968 568 1029 ad
590 968 780 1047 Euphraten,
802 967 909 1029 molles
933 968 1010 1048 quod
1033 970 1061 1027 in
1083 985 1154 1028 aure
1173 969 1323 1028 fenestrae

423 1055 597 1132 drguerint,
621 1054 691 1114 licet
710 1055 776 1132 ipse
799 1050 927 1131 negem?
947 1052 1001 1113 sed
1023 1055 1150 1132 quinque
1173 1052 1313 1112 tabernae
1371 1066 1415 1118 105

423 1139 638 1218 Quadringenta
661 1148 778 1217 parant:
802 1137 869 1217 quid
892 1138 1007 1198 coniert
1029 1154 1156 1216 purpura
1180 1139 1271 1196 maior

423 1223 603 1303 optandum,
627 1225 651 1283 si
671 1222 807 1283 Laurenti
828 1223 955 1283 custodit
976 1224 1004 1282 in
1029 1238 1101 1299 agro

423 1307 588 1368 conductas
612 1306 755 1368 Corvinus
779 1325 868 1382 oves,
892 1324 950 1384 ego
972 1306 1112 1385 possideo
1135 1305 1199 1384 plus

424 1393 553 1453 Pallante
576 1403 605 1453 et
625 1388 805 1452 Licinisl-
825 1391 1008 1471 Exspectent
1032 1407 1105 1467 ergo
1127 1389 1246 1465 tribuni,

425 1478 545 1537 vincant
567 1476 702 1553 divitiae,
723 1493 810 1536 sacro
833 1493 870 1536 ne
895 1475 981 1536 cedat
1003 1476 1124 1550 bonori,
1369 1490 1416 1542 llo

424 1561 523 1640 Nuper
545 1563 572 1620 in
591 1561 666 1621 banc
687 1560 788 1620 urbem
810 1561 933 1639 pedibus
957 1561 1005 1639 qui
1026 1569 1146 1620 venerat
1170 1559 1258 1619 albis:

423 1645 662 1724 Quandoquidem
682 1647 757 1705 inter
778 1663 831 1704 nos
855 1647 1038 1705 sanctissima
1059 1644 1220 1705 divitiarum

418 1729 575 1797 Maiestas:
600 1732 655 1791 etsi
676 1731 790 1790 funesta
816 1730 940 1809 pecunia
963 1729 1074 1808 templo

424 1813 554 1875 Nondum
576 1815 706 1890 habitas,
730 1815 824 1875 nullas
844 1832 1024 1875 nummorum
1046 1815 1193 1875 ereximus
1216 1832 1298 1893 aras,

424 1898 459 1959 Ut
482 1900 588 1960 colitur
609 1900 670 1960 Pax
691 1909 779 1979 atque
801 1898 907 1976 Fides,
930 1899 1078 1974 Victoria,
1102 1898 1217 1975 Virtus,
1367 1913 1414 1966 115

423 1983 565 2065 Quaeque
587 1983 711 2044 salutato
736 1987 861 2063 crepitat
885 1982 1050 2044 Concordia
1073 1984 1149 2043 nido.

484 2069 543 2130 Sed
567 2086 653 2149 quum
675 2087 799 2128 summus
823 2069 918 2129 bonor
940 2069 1019 2128 linito
1044 2078 1193 2147 computet
1213 2086 1303 2144 anno,

424 2152 559 2231 Sportula
582 2151 649 2232 quid
672 2153 797 2229 reierat,
820 2163 954 2231 quantum
977 2152 1136 2213 rationibus
1159 2154 1260 2214 addat:

423 2237 496 2312 Quid
515 2237 623 2298 iacient
641 2238 779 2313 comites,
799 2237 903 2317 quibus
922 2237 987 2298 bino
1005 2248 1090 2316 toga,
1108 2236 1226 2299 calceus
1243 2238 1310 2299 binc
1329 2251 1374 2301 est

425 2321 460 2382 Et
482 2323 564 2401 panis
588 2322 740 2399 lumusque
763 2320 862 2383 domii
884 2322 1063 2383 Densissima
1087 2332 1200 2383 centum
1367 2337 1415 2389 120

424 2406 607 2481 Quadrantcs
630 2406 738 2467 lectica
760 2408 848 2485 petit,
872 2409 1063 2487 sequiturque
1086 2410 1216 2468 maritum

399 2493 404 2504 '
424 2490 568 2569 Languida
590 2490 639 2551 vel
663 2509 806 2569 praegnas
830 2501 860 2552 et
882 2491 1106 2553 circumducitur
1127 2510 1209 2552 uxor.

425 2575 477 2635 llic
498 2576 569 2654 petit
592 2575 720 2651 absenti,
745 2586 814 2637 nota
836 2581 891 2637 iam
914 2578 1037 2638 callidus
1059 2587 1139 2653 arte,

425 2658 588 2719 Ostendens
610 2679 729 2721 vacuam
752 2670 781 2721 et
804 2662 931 2722 clausam
954 2679 1008 2741 pro
1033 2663 1158 2739 coniuge
1182 2661 1294 2723 sellam.

425 2744 505 2804 Galla
528 2763 591 2804 mea
615 2754 677 2822 est,
700 2747 805 2824 inquit,
829 2748 913 2807 citius
936 2748 1059 2812 dimitte:
1083 2745 1227 2807 moraris?
1369 2762 1413 2813 125

425 2828 527 2888 Proler
550 2828 631 2888 Galla
655 2831 756 2909 caput!
780 2831 839 2891 noli
858 2850 987 2906 vexare,
1012 2832 1153 2909 quiescet.
1171 2868 1212 2880 -

425 2912 492 2990 lpse
514 2911 577 2971 dies
599 2913 722 2990 pulchro
744 2915 927 2994 distinguitur
947 2917 1048 2976 ordine
1071 2935 1183 2975 rerum:

314 3022 317 3027 ·
425 2996 578 3073 Sportula,
604 2998 709 3058 deinde
730 3000 823 3059 iorum
847 3002 975 3079 iurisque
997 3000 1108 3078 peritus
1130 3000 1239 3079 Apollo

426 3080 522 3159 Atque
546 3082 750 3159 triumphales,
774 3086 848 3143 inter
869 3102 941 3163 quas
963 3102 1051 3144 ausus
1075 3085 1185 3145 babere
1427 3155 1429 3160 ¹

425 3162 533 3225 Nescio
556 3166 620 3245 quis
644 3167 742 3226 titulos
764 3168 930 3247 Aegyptius
952 3178 1038 3248 atque
1063 3169 1263 3238 Arabarches,
1365 3182 1416 3235 133

426 3247 513 3309 Cuius
535 3250 570 3309 ad
593 3249 720 3327 elingiem
741 3270 798 3313 non
821 3263 927 3314 tantum
947 3256 1056 3313 meiere
1082 3254 1125 3313 ias
1149 3263 1202 3313 est.

426 3333 584 3393 Vestibulis
606 3334 712 3394 abeunt
733 3347 851 3397 veteres
871 3336 999 3417 lassique
1024 3339 1145 3398 clientes

426 3419 558 3497 Votaque
581 3419 744 3496 deponunt,
768 3440 938 3500 quamquam
962 3423 1129 3501 longissima
1152 3441 1265 3483 coenae

425 3504 501 3581 Spes
522 3502 643 3572 homini;
667 3505 758 3565 caulis
781 3507 895 3566 miseris
917 3517 1004 3587 atque
1026 3508 1101 3584 ignis
1123 3509 1271 3568 emendus.

426 3584 538 3665 Optima
561 3587 696 3649 silvarum
718 3590 829 3650 interea
850 3592 1007 3671 pelagique
1029 3593 1143 3652 vorabit
1367 3605 1413 3658 131

427 3670 490 3731 ilex
511 3671 629 3748 borum,
653 3676 813 3755 vacuisque
835 3677 907 3735 toris
927 3685 1034 3736 tantum
1057 3679 1122 3756 ipse
1146 3677 1262 3737 iacebit.

427 3754 496 3815 Nam
518 3754 556 3816 de
577 3765 622 3819 tot
641 3759 769 3837 pulchris
791 3770 821 3819 et
843 3760 907 3819 latis
926 3761 1046 3820 orbibus
1069 3772 1096 3821 ct
1120 3771 1175 3821 tam
