3434 4575
438 390 439 393 Ἴ
544 439 886 501 EPIGRAMMATON
900 439 975 501 LlB.
991 438 1030 499 X.
1248 441 1310 507 231

353 593 589 671 Sollemnesque
603 594 688 651 ioeos
703 609 762 651 nee
777 591 881 650 tristia
894 591 1029 651 carmina
1041 592 1145 672 poscit

393 680 434 738 Et
449 678 590 757 queritur
604 694 700 754 nugas
714 676 882 734 obticuisse
894 693 987 735 meas.
1168 748 1170 752 Ι

330 764 535 826 5Mensorum
549 758 652 837 longis
667 759 724 818 sed
737 778 819 818 nuno
830 763 920 818 ¹vacat
934 756 991 817 ille
1006 756 1135 825 libellis.
1172 817 1176 827 Δ

393 847 511 926 Appia,
533 842 608 924 quid
622 844 735 921 iacies,
755 844 783 902 si
798 840 880 919 legit
892 843 952 901 ista
965 842 1097 904 Macer?

733 975 846 1038 xvfll.›

351 1092 417 1152 Nec
431 1096 520 1151 vocat
534 1089 695 1151 ad’o'enam
709 1090 845 1167 Marius,
867 1108 927 1150 neo
940 1109 1067 1151 munera
1082 1092 1195 1170 mittit,

394 1176 459 1235 Nec
474 1173 621 1254 spondet,
644 1193 703 1234 nee
717 1173 781 1233 volt
797 1172 945 1252 credere,
968 1174 1024 1234 sed
1038 1176 1213 1236 nechabet.

354 1259 461 1320 Turba
475 1265 579 1317 tamen
592 1277 655 1317 non
671 1256 776 1335 deest,
798 1257 938 1317 sterilem
955 1277 1032 1337 quae
1048 1266 1136 1318 curet
1151 1259 1288 1322 amioum.
1348 1308 1351 1314 .

394 1341 498 1403 Eheu!
521 1343 610 1419 quam
623 1342 726 1401 fatuae
742 1347 814 1400 sunt
828 1341 904 1418 tibi,
925 1341 1037 1421 Roma,
1059 1342 1168 1421 tog'ae!

750 1473 829 1534 xix

351 1590 416 1651 Nec
432 1588 556 1650 doctum
570 1592 644 1650 satis
660 1595 693 1650 et
705 1606 814 1669 parum
827 1609 985 1669 seuerum,

352 1673 417 1733 Sed
431 1693 493 1733 non
507 1673 687 1734 rusticulum
702 1675 793 1734 nimis
806 1672 949 1734 libellum

351 1756 497 1817 Facundo
512 1776 581 1816 mea
595 1757 714 1833 Plinio,
737 1757 863 1835 Thalia,

353 1841 367 1901 l
380 1842 504 1920 perfert
527 1841 630 1901 brevis
646 1848 695 1900 est
707 1838 798 1900 labor
811 1846 958 1919 peractae

332 1922 460 1988 5Altum
475 1926 601 1984 vincere
616 1924 771 1983 tramitem
786 1923 934 1984 Suburae.

352 2006 422 2068 lilio
437 2009 564 2088 Orphea
577 2009 719 2087 protinus
737 2005 858 2068 videbis
897 2070 902 2078 ,

351 2090 414 2152 Udi
426 2093 545 2153 vertice
559 2089 712 2162 lubricum
727 2091 860 2168 theatri,

351 2176 567 2254 Mirantesque
581 2177 665 2234 ieras
681 2193 828 2253 avemque
843 2176 945 2254 regis,

275 2305 280 2314 .
351 2259 483 2339 Raptum
500 2278 578 2338 quae
592 2259 716 2339 Phryga
731 2257 864 2339 pertulit
877 2259 1022 2327 Tonanti,

311 2341 419 2403 rolllic
433 2362 527 2421 parva
542 2345 587 2403 tui
601 2342 708 2408 domus
722 2343 859 2405 Pedonis

353 2425 480 2484 Caelata
494 2431 543 2484 est
557 2424 678 2503 aquilae
693 2428 813 2487 minore
827 2430 930 2508 pinna.

353 2506 417 2567 Sed
430 2527 470 2567 ne
484 2514 626 2589 tempore
639 2528 702 2569 non
716 2518 769 2571 tuo
784 2511 932 2573 disertam
959 2522 961 2526 “

351 2589 462 2651 Pulses
480 2593 567 2652 ebria
580 2594 716 2672 ianuam,
737 2594 852 2659 videto.

354 2676 453 2735 Totos
468 2675 521 2736 dat
534 2678 666 2737 tetricae
681 2678 748 2738 dies
763 2679 945 2756 Minervae,
1064 2726 1066 2733 r

311 2759 428 2819 ltllum
444 2766 567 2821 centum
581 2761 687 2822 studet
700 2764 825 2822 auribus
841 2764 978 2821 virorum

350 2845 420 2905 Hor
436 2843 518 2923 quod
532 2843 655 2906 saecula
669 2847 850 2925 posterique
859 2846 987 2923 'possint

352 2928 478 3008 Arpinis
495 2926 617 3009 quoque
633 2947 812 3008 comparare
822 2929 952 2990 'chartis

350 3012 443 3072 Seras
455 3016 555 3073 tutior
568 3014 629 3074 ibis
644 3012 683 3072 ad
696 3011 850 3072 lucernas.

350 3096 437 3157 Haeo
450 3098 527 3157 hora
542 3102 591 3155 est
605 3101 672 3173 tua,
694 3114 761 3154 cum
776 3094 852 3154 furit
867 3093 1005 3175 Lyaeus,

307 3179 426 3241 uocum
440 3186 551 3259 regnat
563 3199 650 3256 rosa,
673 3196 741 3238 oum
755 3176 881 3238 madent
896 3176 1016 3258 capilli:

351 3264 440 3324 Tune
453 3282 503 3323 me
517 3261 568 3323 vel
581 3260 675 3341 rigidi
688 3261 793 3339 legant
806 3262 950 3323 Catones.

754 3394 821 3455 XX.

350 3507 444 3567 Ducit
460 3506 499 3566 ad
518 3507 669 3567 auriferas
688 3505 770 3586 quod
787 3525 837 3567 me
858 3504 931 3567 Salo
950 3504 1096 3578 Celtiber
1113 3522 1202 3585 ortt,

392 3590 534 3651 Pendula
550 3589 633 3670 quod
646 3591 766 3671 patriae
780 3594 884 3653 visere
898 3595 984 3650 tecta
996 3589 1092 3667 libet,

350 3672 400 3735 Tu
418 3676 494 3735 mihi
512 3674 719 3756 simplicibus,
741 3677 845 3757 Mani,
869 3672 1001 3736 dilectus
1015 3675 1053 3734 ab
1071 3671 1161 3733 annis
