3434 4575
431 462 469 523 12
827 475 1009 524 mmmm

427 614 583 691 Praetegit.
625 614 663 675 Ut
686 617 789 689 mavis,
814 616 849 674 da
872 615 962 675 verba
986 626 1014 674 et
1033 617 1137 694 decipe
1159 632 1276 690 nervos,
1375 625 1408 678 tu

428 699 459 758 si
484 707 579 777 potes.
593 731 635 746 —·
659 696 817 776 Egregium
840 718 925 777 quum
947 719 992 758 me
1015 702 1119 759 vicinia
1143 700 1229 773 dicat,

427 779 492 840 Non
516 779 652 842 credam?
667 817 710 829 -
729 783 800 841 Viso
825 786 849 841 si
872 783 984 861 palles,
1009 783 1157 861 improbe,
1184 800 1308 857 nummo,

428 865 458 925 Si
481 866 553 925 iacis
577 869 605 924 iu
627 884 732 945 penem
756 868 893 945 quidquid
917 867 968 925 tibi
989 870 1067 926 venit
1092 885 1227 941 amarum,

428 950 459 1009 Si
482 949 580 1027 puteal
602 951 690 1010 molta
716 961 815 1011 cautus
838 950 933 1011 vibice
957 950 1103 1028 flagellas:

427 1030 607 1111 Nequiquam
629 1035 739 1113 populo
762 1035 876 1094 bibulas
900 1034 1053 1094 donaveris
1076 1052 1170 1093 aures.
1377 1045 1411 1096 tu

428 1115 564 1195 Respue,
586 1119 664 1196 quod
687 1136 744 1177 non
768 1138 814 1185 es;
837 1118 921 1178 tollat
941 1137 992 1178 sua
1013 1137 1130 1178 munera
1152 1118 1256 1184 cerdo;

429 1198 536 1259 Tecum
560 1201 673 1261 habita:
697 1205 793 1278 noris,
818 1220 902 1281 quam
925 1205 962 1261 sit
979 1202 1030 1261 tibi
1054 1213 1132 1261 curta
1157 1201 1300 1279 supellex.

815 1392 1018 1399 .—-————.—-

761 1531 999 1595 SATIRA
1032 1531 1070 1595 V.

426 1657 554 1752 Vatibus
576 1689 624 1750 bic
647 1708 708 1750 mos
732 1701 792 1767 cst,
819 1701 932 1750 centum
954 1691 1008 1750 sibi
1030 1707 1156 1769 poscere
1180 1705 1282 1765 uoces,

429 1775 550 1836 Centum
577 1791 628 1834 ora
652 1785 680 1834 et
704 1777 816 1854 linguas
841 1785 944 1854 optare
967 1777 995 1834 in
1019 1776 1143 1834 carmina
1168 1781 1291 1847 centum,

426 1859 535 1920 Fabula
558 1877 610 1918 seu
633 1870 747 1920 moesto
771 1870 894 1939 ponatur
910 1859 1012 1919 hianda
1034 1859 1187 1935 tragoedo,

429 1944 554 2003 Vulnera
578 1961 630 2002 seu
652 1943 748 2003 Parthi
776 1944 906 2004 ducentis
930 1943 965 2003 ab
987 1944 1102 2019 inguine
1125 1943 1240 2001 ferrum.
1255 1975 1295 1984 ὴ

427 2027 571 2101 Quorsum
594 2025 688 2085 haec?
708 2037 756 2087 aut
782 2036 901 2104 quantas
924 2026 1035 2085 robusti
1060 2026 1192 2085 carminis
1215 2024 1287 2082 ollas
1394 2037 1411 2088 5

426 2111 555 2188 ingeris,
584 2119 614 2168 ut
641 2129 694 2188 par
718 2112 755 2169 sit
780 2121 904 2169 centeno
927 2119 1042 2186 gutture
1067 2105 1136 2167 uiti?

426 2194 540 2254 Grande
562 2193 686 2252 locuturi
711 2193 833 2252 nebulas
855 2192 996 2252 Helicone
1022 2193 1152 2269 legunto,

425 2279 456 2337 Si
481 2277 584 2357 quibus
607 2285 655 2337 aut
677 2276 821 2351 Procnes,
846 2286 893 2336 aut
915 2278 939 2336 si
962 2276 1063 2354 quibus
1086 2276 1145 2336 olla
1168 2274 1312 2350 Thyestae

425 2359 580 2435 Fervebit,
607 2368 699 2439 saepe
722 2360 831 2419 insulso
855 2361 1003 2421 coenanda
1022 2360 1145 2435 Glyconi
1153 2382 1160 2427 ;

426 2444 468 2504 Tu
491 2462 586 2522 neque
608 2445 768 2519 anhelanti,
790 2447 923 2523 coquitur
950 2446 1013 2505 dum
1038 2463 1132 2504 massa
1155 2446 1277 2520 camino,
1377 2458 1410 2509 ιο

425 2527 510 2589 Folle
533 2529 640 2607 premis
662 2539 783 2604 ventos,
811 2547 866 2588 uec
886 2529 987 2588 clauso
1013 2547 1155 2587 murmure
1176 2546 1280 2587 raucus

425 2611 533 2671 Nescio
556 2612 622 2690 quid
641 2621 736 2672 tecum
758 2632 848 2690 grave
874 2614 1032 2673 cornicaris
1053 2614 1164 2690 inepte,

424 2693 488 2754 Nec
509 2695 626 2774 stloppo
650 2699 770 2758 tumidas
793 2698 917 2757 intendis
941 2715 1075 2774 rumpere
1099 2696 1217 2755 buccas.

424 2777 522 2839 Verba
547 2789 634 2856 togae
657 2784 791 2860 sequeris
813 2784 943 2842 iunctura
968 2781 1091 2841 callidus
1114 2781 1185 2854 acri,

425 2860 483 2922 Ore
506 2872 585 2923 teres
607 2865 739 2941 modico,
763 2865 908 2944 pallentes
930 2866 1033 2925 radere
1053 2882 1150 2924 mores
1375 2876 1407 2929 15

424 2946 535 3006 Doctus
558 2957 587 3006 et
609 2950 735 3025 ingenuo
758 2949 872 3028 culpam
894 2950 1024 3027 deligere
1047 2949 1125 3009 ludo.

422 3030 495 3090 Hinc
516 3031 597 3091 trahe
621 3050 695 3109 quae
717 3033 813 3107 dicas,
836 3052 1009 3112 mensasque
1031 3033 1163 3109 relinque
1186 3030 1316 3106 Mycenis

424 3111 495 3174 (lum
518 3117 613 3193 capite
637 3125 665 3175 et
689 3116 831 3193 pedibus,
855 3117 1031 3196 plebeiaque
1058 3117 1175 3195 prandia
1198 3117 1286 3175 noris.
1301 3150 1342 3164 -

423 3196 488 3257 Non
513 3200 646 3277 equidem
667 3200 725 3259 hoc
751 3200 873 3275 studeo,
898 3200 1014 3260 bullatis
1038 3209 1067 3259 ut
1094 3200 1161 3259 mihi
1187 3201 1270 3276 nugis

423 3282 529 3360 Pagina
552 3292 716 3361 turgescat,
744 3283 813 3344 dare
833 3285 946 3362 pondus
967 3285 1070 3344 idonea
1093 3284 1180 3343 fumo.
1372 3295 1406 3347 to

423 3366 538 3427 Secreti
563 3368 719 3446 loquimur:
744 3368 797 3427 tibi
821 3386 910 3443 nunc,
933 3368 1067 3427 hortante
1095 3364 1231 3440 Camena,

422 3448 603 3512 Excutienda
628 3452 727 3512 damus
751 3452 940 3529 praecordia,
963 3461 1126 3530 quantaque
1147 3459 1265 3509 nostrae

424 3531 492 3592 Pars
514 3544 560 3593 tua
582 3537 633 3611 sit,
657 3533 801 3610 cornute,
822 3538 949 3611 animae,
972 3536 1039 3611 tibi,
1062 3535 1153 3595 dulcis
1173 3536 1275 3610 amice,

423 3614 593 3678 Ostendisse
616 3621 708 3679 iuvat:
731 3619 830 3696 pulsa,
852 3620 1006 3679 dinoscere
1033 3627 1143 3693 cautus,

423 3697 497 3771 Quid
520 3701 643 3761 solidum
666 3712 769 3781 crepet
794 3712 823 3763 et
846 3705 942 3781 pictae
966 3705 1086 3762 tectoria
1110 3704 1234 3781 linguae.
1368 3711 1403 3762 25
