3434 4575
373 455 397 498 x
761 462 970 510 pessumo,

368 611 428 667 nalis
437 610 543 680 privatae
553 609 725 682 indignationis
739 623 826 664 runem
840 624 896 664 enm
914 611 1008 681 publica
1027 611 1163 667 communis
1181 612 1356 683 depravationis

367 694 536 750 testificatione
548 693 650 749 feliciter
660 695 786 750 coniunxit
800 709 942 766 summaque
956 694 1106 752 tremebundi
1117 697 1166 752 oris
1177 696 1288 752 libertate
1300 714 1357 753 eum

368 780 527 851 praeentiam
544 779 670 835 hominnm
689 779 819 834 reverentia
837 780 967 849 prudenter
985 781 1060 834 mixta
1076 788 1102 835 et
1114 781 1160 836 sibi
1180 788 1205 835 et
1221 781 1312 851 populo
1323 782 1356 837 ita

366 865 505 929 satisfecit,
518 873 544 918 ut
556 865 598 938 qui
607 863 666 918 tere
676 865 719 921 atio
730 881 760 918 ne
770 863 866 918 modico
876 865 967 937 periclen
980 864 1099 919 eumerio
1110 867 1240 939 queriqumn
1251 866 1356 922 mano·

366 958 415 1005 tere
425 966 502 1004 nusae
519 959 592 1011 esset,
610 967 666 1003 moe
683 965 774 1020 meque
790 949 927 1022 frequentin
944 958 966 1003 et
982 966 1093 1004 neeesse
1109 951 1243 1008 andnam
1273 949 1358 1023 Neque

366 1042 447 1089 tamm
464 1033 574 1104 ipseboe
590 1035 614 1088 in
625 1048 740 1089 successu
758 1033 875 1105 acquievit
893 1048 978 1105 neque,
989 1034 1047 1088 dum
1058 1033 1149 1089 alienos
1167 1050 1248 1090 mores
1259 1035 1356 1106 carpsit,

368 1135 415 1174 suo
428 1126 523 1173 tantum
531 1119 631 1190 ingenio
641 1118 747 1180 indulsit.
759 1119 800 1172 sed
813 1125 940 1189 postquam
952 1119 975 1173 in
986 1118 1105 1188 prioribus
1116 1134 1203 1173 novem
1213 1119 1294 1175 satiris
1304 1120 1356 1191 pbi-

369 1203 495 1273 losopbiae
505 1203 546 1257 vix
556 1204 629 1258 ullam
641 1212 682 1256 aut
693 1202 803 1258 notitiam
814 1209 856 1256 aut
867 1210 1003 1273 respectum
1013 1203 1131 1274 prodidit,
1144 1203 1189 1259 soli
1200 1203 1319 1276 denique,
1330 1212 1357 1259 ut

366 1289 401 1343 ita
413 1287 505 1351 dicam,
523 1294 636 1342 externae
653 1287 746 1342 veritati
762 1288 869 1343 intentus
884 1288 1055 1342 verecundiam
1067 1296 1092 1343 et
1102 1288 1234 1358 pudorem,
1250 1289 1357 1345 internae

365 1372 577 1444 bonitatissigua,
589 1373 677 1442 passim
693 1388 742 1426 non
758 1372 827 1426 laesit
837 1371 918 1426 minus
935 1388 1007 1444 qnam
1024 1372 1146 1438 defendit,
1166 1372 1285 1428 adesim
1302 1374 1356 1429 inde

367 1458 439 1527 plane
451 1464 558 1511 mutatus
574 1473 623 1511 non
635 1457 824 1529 indignationem
841 1465 935 1511 tantum
955 1457 1191 1529 reprehendendique
1202 1458 1356 1514 acerbitatem

366 1541 409 1596 sed
421 1542 565 1610 sapientiam
582 1541 655 1596 simul
666 1550 737 1612 atque
747 1541 881 1596 honestatis
897 1541 1003 1597 studium
1015 1557 1073 1613 prae
1091 1556 1118 1598 se
1134 1543 1180 1597 lert
1192 1550 1266 1613 utque
1278 1543 1357 1598 minus

366 1624 411 1680 sibi
424 1625 448 1680 in
460 1626 587 1681 verborum
600 1625 692 1681 lusibus
708 1626 871 1697 irrisionisque
885 1627 975 1681 aculeis
990 1627 1083 1698 placet,
1102 1627 1134 1681 ita
1147 1627 1314 1700 castigationis
1321 1618 1356 1682 ri·

366 1725 453 1783 gorem
465 1711 660 1781 persuasioniset
671 1711 795 1766 doctrinae
804 1720 996 1782 temperamento
1013 1712 1165 1773 moderatur:
1182 1712 1265 1783 quoin
1276 1711 1357 1768 studio

365 1795 411 1850 etsi
421 1794 477 1850 binc
488 1797 543 1850 inrle
553 1811 597 1866 pro
608 1796 710 1865 pristino
726 1797 815 1867 poetici
834 1797 933 1866 spiritus
950 1797 1034 1852 ardore
1051 1797 1089 1852 vel
1100 1794 1269 1851 scholasticam
1280 1794 1356 1852 Stoici

365 1882 508 1952 gravitatem
520 1881 590 1936 offert
602 1883 714 1952 ipsusque
725 1881 833 1936 acerrimi
845 1881 936 1954 ingenii
953 1897 1039 1938 sensus
1050 1888 1172 1952 tamquam
1191 1882 1302 1954 magistri
1314 1883 1356 1936 ali-

364 1965 434 2021 euius
443 1965 532 2019 dietata
544 1966 641 2036 perfert,
656 1966 726 2020 lacile
735 1973 816 2020 tannen
828 1966 979 2038 ignoscimus
988 1967 1039 2021 seni
1050 1974 1150 2020 strenuo
1161 1972 1186 2020 et
1197 1965 1301 2028 amabili,
1316 1983 1355 2038 an

364 2049 420 2104 lieet
433 2057 535 2106 aretatem
553 2051 619 2121 quasi
639 2050 725 2105 baculo
744 2051 819 2115 levet,
832 2058 906 2120 eaput
921 2057 1001 2105 tamen
1014 2064 1145 2120 numquam
1156 2049 1262 2106 demittit
1278 2065 1357 2124 neque

366 2135 447 2204 magni
460 2135 509 2189 oris
525 2136 620 2190 sonitus
631 2135 757 2204 comprimi
778 2134 883 2204 patitur,
901 2135 943 2190 sed
960 2136 997 2189 vel
1017 2134 1189 2205 octogenarius
1207 2135 1232 2189 in
1249 2135 1355 2192 assutos

362 2218 548 2289 superstitiones
565 2219 796 2291 peregrinorumque
813 2217 960 2291 religionum
977 2219 1115 2275 foeditatem
1129 2219 1214 2274 eadem
1232 2220 1356 2275 iraonmlia

366 2304 501 2367 invehitur,
520 2320 566 2375 qua
579 2305 635 2359 olim
648 2306 799 2375 popularium
819 2304 954 2370 luxuriam,
965 2306 1102 2370 vanitatem,
1118 2305 1241 2359 avaritiam
1254 2307 1355 2361 notavit.

367 2387 475 2460 Namque
486 2396 608 2442 extremas
618 2390 703 2443 satiras
714 2390 761 2443 iam
773 2389 893 2444 llatlriano
906 2390 1039 2459 imperante
1049 2390 1151 2459 scriptas
1162 2404 1224 2456 esse,
1237 2405 1285 2445 non
1300 2390 1355 2445 lun·

364 2486 409 2527 eus
419 2480 512 2528 tanturn
525 2474 622 2536 musul,
637 2488 708 2545 quem
725 2474 836 2544 superius
851 2475 1054 2542 memoravimus,
1072 2474 1115 2528 sed
1129 2473 1243 2529 Fonteius
1260 2490 1356 2546 quoqne

363 2558 463 2629 arguit,
482 2560 551 2612 cuins
562 2559 731 2630 magistratum
743 2575 816 2630 quum
828 2557 880 2616 Sat.
894 2559 960 2615 lllll.
973 2563 1005 2621 17
1026 2559 1153 2631 sexaginta
1172 2573 1290 2613 annonam
1301 2575 1355 2629 spa·

365 2643 400 2697 tio
412 2658 425 2695 a
437 2657 479 2697 sua
498 2652 575 2697 aetate
586 2644 733 2715 distinguat,
750 2643 800 2698 sive
817 2659 840 2698 a.
852 2647 888 2701 59
901 2645 1025 2700 consulem
1044 2643 1204 2705 intellexeris.
1217 2643 1246 2698 ad
1260 2658 1282 2699 a.
1298 2647 1353 2706 119.

363 2726 415 2781 sire
433 2742 489 2781 cnm
502 2728 635 2799 Borghesio
647 2743 717 2796 enm,
734 2728 854 2800 quiebi
872 2743 928 2783 eum
941 2729 969 2785 C.
983 2730 1041 2785 lulio
1056 2728 1119 2783 linio
1132 2727 1284 2782 consulatum
1298 2741 1355 2799 ges·

364 2812 412 2878 sit,
433 2810 552 2882 adipsum
564 2812 631 2867 Iunci
643 2828 731 2867 anunm
754 2816 800 2871 127
819 2829 844 2883 p.
857 2812 915 2867 Chr.
934 2814 1062 2875 desereris,
1081 2812 1145 2867 unde
1159 2812 1269 2883 quintum
1289 2820 1355 2867 certe

365 2893 461 2958 librum,
473 2896 513 2967 qui
523 2898 609 2951 satiras
619 2898 714 2953 tertiam
721 2898 840 2953 deebrram
848 2906 872 2953 et
884 2896 1207 2970 sequentesconrprebendit,
1220 2896 1354 2951 adliadria·

363 2979 387 3033 ni
402 2986 509 3049 tempora
523 2983 643 3051 pertinere
655 2998 755 3037 neeesse
764 2994 810 3038 est.
823 2981 859 3038 De
871 2983 924 3037 solo
932 2992 1018 3054 quarto
1031 2982 1093 3038 libro
1098 2981 1149 3036 sive
1161 2981 1240 3035 satiris
1252 2981 1354 3045 decima,

363 3064 505 3131 undecima,
519 3066 669 3133 duodecima,
681 3082 743 3138 quae
754 3066 868 3137 peculiari
884 3069 999 3137 temporis
1010 3075 1066 3123 nota
1079 3074 1172 3128 carent,
1188 3080 1277 3135 anceps
1293 3066 1354 3121 iudi-

363 3148 430 3202 rium
441 3157 486 3213 est,
499 3149 543 3204 nisi
553 3152 616 3221 qnod
629 3152 721 3207 interna
732 3152 813 3207 indole
823 3158 848 3207 et
858 3152 924 3221 ipsae
935 3153 1042 3222 quintam
1049 3151 1148 3222 propius
1155 3158 1285 3221 quamtres
1291 3150 1352 3222 prio-

362 3248 403 3287 res
415 3234 552 3307 attingunt;
563 3251 609 3307 qua
623 3237 645 3290 in
658 3252 729 3291 caure
740 3236 781 3291 ille
791 3237 897 3291 maxime
907 3237 976 3292 locus
985 3233 1209 3292 animadvertendus
1219 3242 1270 3299 est,
1283 3250 1354 3306 quern

361 3317 456 3372 decima
467 3320 538 3374 satira
550 3335 573 3375 v.
582 3324 634 3378 365
644 3337 698 3375 cunr
706 3320 768 3376 xlv.
780 3327 832 3380 315
843 3335 997 3376 communem
1009 3321 1088 3384 babet,
1101 3319 1187 3390 siquis
1201 3318 1262 3373 alius
1274 3319 1353 3374 elaris·

361 3402 426 3456 sime
442 3400 553 3460 Stoicum
572 3406 639 3460 illurn
658 3405 788 3474 sapientiae
811 3406 904 3459 cultum
922 3405 1052 3472 exhibens,
1071 3420 1143 3477 qnam
1165 3403 1199 3457 illi
1218 3402 1353 3474 philosophi

362 3488 444 3542 omnis
454 3490 560 3545 numinis
577 3491 652 3545 instar
663 3489 832 3545 existimabant
838 3505 942 3561 praeque
951 3506 979 3545 ea
990 3507 1038 3547 non
1051 3490 1162 3545 lonnnae
1172 3495 1267 3544 tantum
1274 3504 1353 3554 casus,

362 3570 408 3626 sed
420 3573 494 3628 etiam
505 3590 547 3629 eos
557 3574 616 3629 eleos
626 3572 783 3646 spernebant,
796 3574 837 3645 qui
849 3590 924 3645 quum
936 3575 1011 3648 vulgo
1023 3590 1103 3630 rerum
1114 3574 1259 3628 naturalium
1270 3580 1354 3628 aueto-

363 3669 404 3708 res
415 3653 576 3725 haberentur,
589 3658 691 3713 inventis
702 3657 754 3712 aliis
765 3657 850 3713 bannn
861 3660 940 3713 causis
951 3676 981 3714 ne
994 3660 1038 3731 ipsi
1050 3658 1146 3730 quidem
1159 3657 1221 3712 ultra
1232 3657 1353 3729 legitimas

361 3739 506 3796 cerimonias
523 3744 651 3799 venerandi
671 3742 889 3803 moueantur:
907 3742 979 3799 buius
990 3742 1228 3817 igiturpntdentioe,
1249 3740 1318 3795 cuius
1329 3741 1352 3795 in

360 3826 524 3890 superioribus
533 3829 612 3883 satire
624 3844 655 3883 ue
665 3842 754 3883 nomen
769 3828 868 3900 quidem
878 3835 970 3897 exstat,
988 3830 1008 3885 si
1021 3845 1035 3885 a
1046 3836 1132 3900 quarto
1145 3826 1200 3889 inde
1211 3824 1273 3880 libro
1285 3824 1352 3881 lurr-
