3434 4575
376 492 416 551 50
710 501 746 546 o.
764 499 836 547 mu.
856 499 1045 548 nnvnunnrs

376 643 502 708 Fidimus
522 636 666 721 eloquio?
691 635 829 701 Ciceroni
851 658 938 701 nemo
961 641 1104 702 ducentos

377 727 458 789 Nunc
479 726 593 788 dederit
615 741 762 801 nummos,
786 725 842 785 nisi
864 724 979 786 iulserit
1001 725 1123 786 annulus
1146 728 1260 804 ingens.
1325 739 1373 790 140

377 811 510 892 Respicit
530 810 605 871 haec
628 809 765 888 primum,
789 811 838 889 qui
858 808 969 886 litigat,
991 829 1027 871 an
1049 810 1101 871 tibi
1125 812 1203 871 servi

376 897 469 973 Octo,
492 897 595 956 decem
619 894 758 969 comites,
782 912 819 953 an
838 902 907 971 post
927 904 956 954 te
978 895 1069 970 sella,
1092 897 1184 973 togati

375 982 451 1042 Ante
473 981 576 1059 pedes.
622 977 693 1039 ldeo
717 979 860 1039 conducta
883 977 988 1038 Paulos
1011 979 1119 1058 agahat

376 1065 583 1141 Sardonyche,
605 1071 693 1142 atque
716 1062 784 1123 ideo
807 1062 900 1141 pluris
924 1081 1007 1141 quam
1033 1063 1133 1124 Gallus
1157 1062 1276 1141 euehat,

377 1151 468 1225 Quam
491 1148 614 1210 Basilus.
660 1146 738 1207 Baro
760 1149 788 1206 in
809 1147 888 1206 tenui
911 1147 1045 1210 facundia
1068 1166 1172 1228 panno.
1323 1157 1373 1211 115

376 1235 497 1310 Quando
520 1234 589 1295 licet
612 1230 710 1291 Basilo
733 1231 850 1292 flentem
871 1231 1035 1308 producere
1057 1229 1198 1294 matrem?

376 1319 448 1394 Quis
467 1318 543 1378 bene
567 1319 713 1378 dicentem
735 1314 862 1376 Basilum
884 1314 981 1376 ierat?
1002 1318 1128 1396 accipiat
1147 1327 1176 1376 te

377 1403 468 1464 Gallia
491 1401 540 1463 rel
562 1402 659 1480 potius
683 1400 825 1460 nutricula
849 1400 1061 1460 causidicorum

378 1489 492 1562 dirica,
516 1488 540 1545 si
561 1485 670 1564 placuit
692 1484 861 1544 mercedem
884 1500 996 1561 ponere
1018 1485 1144 1563 linguae.

418 1570 593 1632 Declamare
615 1566 729 1629 doces?
749 1586 766 1627 ο
790 1568 888 1628 ferrea
912 1578 1033 1647 pectora
1056 1570 1144 1644 Vetti,
1323 1582 1374 1634 150

377 1657 469 1731 Quum
494 1655 608 1733 perimit
632 1671 739 1713 saevos
760 1653 865 1713 classis
888 1671 1042 1713 numeroso
1065 1656 1217 1730 tyrannos!

379 1741 448 1801 Nam
471 1756 672 1817 quaecumque
688 1737 796 1798 sedens
811 1736 898 1796 modo
917 1737 1046 1815 legerat,
1070 1738 1144 1799 haec
1166 1740 1270 1800 eadem
1294 1748 1371 1799 stans

379 1824 511 1885 Perierat
532 1833 619 1902 atque
636 1822 738 1882 eadem
756 1821 884 1882 cantabit
907 1822 1041 1881 versibus
1065 1823 1172 1891 isdem;

357 1918 360 1923 “
378 1908 492 1969 Occidit
514 1909 638 1967 miseros
659 1907 776 1966 crambe
799 1907 926 1985 repetita
945 1908 1110 1984 magistros.

378 1992 449 2067 Quis
473 1991 557 2052 color
580 2001 609 2052 et
631 1991 709 2071 quod
730 1992 766 2051 sit
783 2009 891 2050 causae
907 2009 1000 2068 genus
1017 2000 1104 2071 atque
1120 1991 1167 2051 ubi
1184 2010 1293 2052 summa
1324 2002 1371 2056 155

378 2076 534 2152 Quaestio,
558 2093 633 2157 quae
653 2076 769 2135 veniant
792 2074 927 2134 diversae
950 2074 1028 2134 iorte
1049 2077 1185 2154 sagittae,

377 2159 473 2221 Nosse
496 2161 586 2221 velint
603 2177 722 2234 omnes,
745 2158 912 2219 mercedem
933 2159 1052 2219 solvere
1074 2178 1169 2221 nemo.
1189 2196 1230 2205 -

377 2245 543 2307 llercedem
566 2239 722 2324 appellas?
746 2242 814 2323 quid
837 2245 913 2304 euim
935 2240 1077 2304 sciot-
1095 2242 1190 2325 Culpa
1214 2244 1348 2308 docentis

378 2330 498 2391 Scilicet
517 2331 662 2408 arguitur,
684 2329 763 2408 quod
785 2327 870 2389 laeva
894 2336 978 2405 parte
1000 2330 1146 2391 marmllac

378 2414 424 2475 Nil
447 2414 513 2474 salit
535 2414 681 2474 Arcadico
704 2414 815 2487 iuveni,
837 2414 918 2473 cuius
940 2413 1007 2473 milri
1030 2424 1114 2475 sexta
1324 2420 1371 2475 160

378 2500 501 2579 Quaque
523 2499 569 2559 die
593 2500 729 2559 miserum
746 2498 824 2558 dirus
846 2507 933 2576 caput
952 2496 1093 2559 Hannibal
1117 2497 1232 2575 implet:

379 2582 523 2662 Quidquid
546 2583 573 2643 id
595 2593 655 2659 est,
680 2583 716 2643 de
739 2599 797 2661 quo
819 2582 983 2657 deliberat,
1009 2602 1043 2643 an
1065 2590 1145 2662 petat
1168 2581 1268 2641 urbem

379 2668 404 2727 ll
427 2665 549 2744 Cannis,
572 2685 608 2727 an
630 2677 698 2746 post
720 2666 832 2727 nimbos
854 2676 884 2726 et
904 2666 1021 2728 iulmina
1045 2676 1145 2727 cautus

379 2750 562 2829 circumagat
582 2752 710 2812 madidas
733 2771 749 2813 a
770 2760 947 2831 tempestate
966 2753 1114 2813 cohortes.

379 2835 520 2909 Quantum
542 2837 585 2895 vis
608 2836 764 2915 stipulare,
790 2845 819 2897 et
840 2837 971 2913 protinus
994 2837 1117 2915 accipe,
1142 2834 1219 2913 qrrod
1243 2835 1292 2910 do,
1325 2840 1372 2897 165

379 2918 415 2979 Ut
438 2921 525 2980 toties
544 2919 622 2981 illum
644 2931 729 2999 pater
751 2920 898 2982 audiut-
911 2918 986 2981 haec
1006 2919 1056 2981 alii
1077 2938 1130 2980 sex

380 3003 435 3064 Vel
456 3004 557 3083 plures
580 3022 635 3065 uno
658 3006 839 3065 conclamant
861 3021 912 3063 ore
935 3005 1084 3083 sophistae

379 3086 415 3147 Et
436 3107 522 3148 veras
544 3091 653 3167 agitant
675 3090 758 3165 lites,
782 3098 902 3167 raptore
929 3089 1050 3161 relicto;

379 3172 454 3232 Busa
477 3191 588 3233 venena
611 3173 715 3249 silent,
737 3172 830 3233 malus
850 3174 1039 3251 ingratusque
1060 3174 1189 3247 maritus,

379 3256 416 3317 Bt
434 3276 508 3336 quae
532 3259 587 3318 iam
609 3268 728 3318 veteres
748 3266 849 3316 sanant
870 3259 1006 3317 mortaria
1029 3273 1147 3317 caecos.
1326 3264 1373 3319 170

380 3340 459 3418 Ergo
478 3342 533 3401 sibi
555 3342 634 3403 dabit
654 3343 718 3420 ipse
739 3339 854 3415 rudem,
878 3341 903 3399 si
926 3350 1025 3401 nostra
1043 3340 1201 3402 movebant

381 3424 527 3501 Consilia,
549 3436 578 3485 et
599 3428 675 3487 vitae
698 3426 842 3486 diversum
862 3426 919 3484 iter
943 3425 1133 3503 ingredietur,

382 3508 425 3569 lo
448 3528 572 3587 pugnam
595 3512 643 3591 qui
662 3509 808 3570 rlretorica
830 3509 983 3570 descondit
1005 3510 1041 3570 ab
1064 3509 1175 3587 umbra,

381 3595 526 3654 Summnla
548 3613 585 3654 ne
608 3604 725 3673 pereat,
750 3613 805 3674 qua
828 3594 894 3654 vilis
918 3601 1031 3654 tessera
1054 3595 1133 3654 venit
1301 3664 1303 3667 Α

382 3676 542 3745 Frumenti:
563 3681 671 3759 quippe
694 3678 769 3740 haec
790 3697 905 3739 merces
930 3678 1098 3739 lautissima.
1145 3678 1279 3760 Tempta,
1325 3686 1373 3743 175

383 3758 592 3854 Chrysogonus
616 3765 712 3855 quanti
737 3765 842 3828 doceat
864 3763 912 3825 vel
930 3762 1024 3839 Pollio
1048 3766 1145 3856 quanti

298 3971 459 4051 A
