3434 4575
531 461 874 524 EPIGRAMMATON
884 463 961 525 LIB.
975 465 1027 527 IX.
1242 465 1303 532 21⁷

387 618 548 677 Murmure
560 617 621 675 iam
636 634 725 676 saevo
739 618 984 694 verberibusque
998 623 1097 682 tonas.

323 703 426 766 5'l'am
443 718 534 778 grave
549 701 704 779 percussis
719 699 882 760 incudibus
898 719 970 759 aera
983 701 1152 781 resultant,

389 783 552 846 causidico
566 782 702 843 medium
717 804 785 844 cum
799 785 889 844 faber
903 791 987 864 aptat
1002 802 1128 863 equum:
1178 796 1190 818 ·

344 871 455 930 Mitior
468 869 501 928 iu
514 887 623 946 magno
640 866 755 928 clamor
769 868 852 928 furit·
862 869 1104 948 amphitheatro,

387 953 535 1017 Vincenti
549 970 675 1030 parmae
690 971 758 1013 cum
773 972 826 1013 sua
841 954 931 1012 turba
945 953 1038 1014 favet.

344 1038 449 1101 Vicini
463 1055 601 1096 somnum
615 1055 678 1095 nou
692 1042 758 1096 tota
774 1043 868 1097 nocte
882 1055 1041 1114 rogamus:

301 1132 337 1184 lo
385 1121 460 1181 Nam
474 1119 602 1198 vigilare
617 1119 687 1180 leve
701 1127 766 1199 est,
789 1118 977 1200 pervigilare
993 1139 1084 1199 grave
1099 1128 1156 1186 est.

344 1201 519 1284 Discipulos
535 1203 655 1264 dimitte
671 1211 750 1265 tuos.
779 1204 851 1282 Vis,
875 1203 1016 1284 garrule,
1038 1211 1182 1286 quantum

388 1288 512 1367 Accipis
527 1295 563 1347 ut
579 1286 711 1367 clames,
734 1290 926 1369 acciperent
942 1294 1069 1351 taceas?

730 1455 836 1517 LXIX.

344 1569 420 1629 Cum
438 1568 548 1646 futuis,
570 1565 791 1646 Polycharmo,
813 1567 895 1629 soles
909 1571 941 1629 in
955 1571 1017 1629 tine
1033 1590 1150 1632 cacare.

388 1654 465 1713 (lum
480 1651 670 1732 predicaris,
694 1651 783 1730 quid,
803 1651 1023 1732 Polycharmo,
1045 1654 1144 1714 iacis?

735 1812 828 1873 LXX.

344 1928 471 1987 Dixerat
487 1946 528 2006 „o
543 1925 661 1985 mores!
684 1945 701 1984 o
717 1925 896 2005 tempora!“
926 1923 1050 1987 Tullius
1066 1926 1156 2008 olim,

385 2009 578 2089 Sacrilegum
593 2016 731 2070 strueret
746 2029 813 2069 cum
829 2006 963 2069 Catilina
977 2011 1081 2091 nefus,

342 2097 418 2158 (lum
434 2099 640 2174 generatque
656 2113 746 2153 socer
761 2093 837 2153 diris
853 2102 1057 2155 concurreret
1070 2097 1162 2156 armis

384 2182 567 2260 Maestaque
583 2177 667 2238 cirili
681 2177 776 2238 caede
791 2176 933 2238 maderet
946 2178 1063 2240 humus.

319 2265 407 2326 scut
420 2284 502 2324 nuuc
517 2283 557 2342 „o
569 2263 717 2324 mores!“.
732 2283 786 2323 cur
803 2282 885 2323 nunc
900 2282 940 2341 „o
955 2263 1130 2345 tempora!“
1145 2262 1246 2326 dicis?

385 2348 474 2422 Quod
488 2350 546 2407 tibi
560 2367 623 2407 nou
637 2345 774 2427 placeat,
801 2345 993 2425 Caeciliaue,
1015 2349 1089 2428 quid
1103 2351 1174 2409 est?

341 2430 431 2489 Nulla
447 2429 557 2489 ducum
571 2432 697 2509 feritas,
718 2430 802 2491 nulla
817 2438 867 2492 est
880 2433 998 2492 insania
1011 2434 1108 2509 ferri;

384 2513 465 2573 Pacc
478 2514 542 2573 frui
557 2521 642 2574 certa
654 2513 835 2596 laetitiaque
849 2515 935 2576 licet.

343 2597 412 2656 Nou
427 2599 527 2657 nostri
543 2598 675 2676 faciunt,
697 2601 755 2660 tibi
770 2600 852 2678 quod
867 2607 919 2661 tua
935 2607 1076 2681 tempora
1089 2599 1235 2682 sordent,

297 2690 333 2741 io
382 2679 445 2741 Sed
459 2681 576 2742 faciunt
589 2702 709 2763 mores,
732 2684 924 2763 caeciliane,
944 2686 999 2748 tui.
1100 2686 1102 2691 ’

723 2848 830 2912 LXXI.

339 2962 468 3043 Massyli
481 2963 532 3023 leo
546 2963 628 3022 fama
639 2962 703 3040 iugi
715 2964 901 3043 pecorisque
915 2965 1043 3024 maritus

378 3047 525 3125 Lanigeri
538 3047 649 3105 mirum
664 3065 723 3125 qua
738 3046 842 3106 coiere
857 3047 931 3110 fide.

338 3130 408 3210 lpse
422 3130 499 3191 licet
512 3128 634 3208 videas,
656 3148 747 3191 cavea
759 3131 952 3191 stabulantur
967 3133 1001 3191 in
1013 3150 1074 3190 una
1166 3166 1169 3170 -

380 3216 420 3273 Et
434 3215 553 3294 pariter
568 3216 666 3274 socius
681 3216 781 3295 carpit
795 3222 929 3295 uterque
945 3214 1056 3295 dapesz

314 3298 403 3360 5Ncc
417 3299 486 3356 fetu
500 3315 661 3356 nemorum
676 3298 811 3375 gaudent
825 3317 884 3358 uec
898 3300 1023 3358 mitibus
1038 3297 1162 3373 herbis,

380 3378 574 3440 Concordem
589 3382 680 3440 satiat
694 3379 752 3439 sed
763 3380 851 3440 rudis
867 3399 944 3458 agua
958 3382 1080 3441 famem.
1123 3442 1125 3446 ,

338 3462 418 3536 Quid
433 3463 547 3522 meruit
561 3469 666 3521 terror
681 3462 829 3539 Nemees,
853 3463 928 3543 quid
945 3462 1089 3542 proditor
1102 3458 1231 3540 Helles,

377 3546 421 3605 Ut
434 3547 554 3604 niteant
570 3543 646 3604 celsi
659 3543 763 3604 lucida
779 3547 864 3623 signu
878 3544 969 3627 poli?

337 3628 448 3689 Sidera
461 3630 488 3688 si
501 3636 629 3709 possent
643 3627 841 3710 pecudesque
855 3631 1005 3710 feraeque
1021 3630 1152 3709 mereri,

293 3725 327 3777 10
376 3714 437 3773 Hic
453 3714 535 3773 aries
549 3714 657 3794 astris,
678 3714 730 3775 hic
742 3712 794 3774 leo
813 3715 924 3795 diguus
938 3722 1014 3779 erat.
