<?xml version="1.0" encoding="UTF-8"?>
<!DOCTYPE html PUBLIC "-//W3C//DTD XHTML 1.0 Transitional//EN"
    "http://www.w3.org/TR/xhtml1/DTD/xhtml1-transitional.dtd">
<html xmlns="http://www.w3.org/1999/xhtml" xml:lang="en" lang="en">
 <head>
  <title>
</title>
<meta http-equiv="Content-Type" content="text/html;charset=utf-8" />
  <meta name='ocr-system' content='tesseract 3.04.00' />
  <meta name='ocr-capabilities' content='ocr_page ocr_carea ocr_par ocr_line ocrx_word'/>
</head>
<body>
  <div class='ocr_page' id='page_1' title='image "./satirarumlibriq00juvegoog_0101.png"; bbox 0 0 3434 4575; ppageno 0'>
   <div class='ocr_carea' id='block_1_1' title="bbox 683 496 863 546">
    <p class='ocr_par' dir='ltr' id='par_1_1' title="bbox 683 496 863 546">
     <span class='ocr_line' id='line_1_1' title="bbox 683 496 863 546; baseline -0.006 0"><span class='ocrx_word' id='word_1_1' title='bbox 683 496 809 546; x_wconf 69' lang='lat' dir='ltr'>sauma</span> <span class='ocrx_word' id='word_1_2' title='bbox 828 498 863 545; x_wconf 84' lang='lat' dir='ltr'>X.</span> 
     </span>
    </p>
   </div>
   <div class='ocr_carea' id='block_1_2' title="bbox 251 635 1196 3905">
    <p class='ocr_par' dir='ltr' id='par_1_2' title="bbox 251 635 1196 3905">
     <span class='ocr_line' id='line_1_2' title="bbox 304 635 1014 719; baseline -0.004 -17"><span class='ocrx_word' id='word_1_3' title='bbox 304 641 495 719; x_wconf 78' lang='lat' dir='ltr'><strong>Temporibus</strong></span> <span class='ocrx_word' id='word_1_4' title='bbox 521 640 592 700; x_wconf 89' lang='lat' dir='ltr'>diris</span> <span class='ocrx_word' id='word_1_5' title='bbox 614 639 702 718; x_wconf 92' lang='lat' dir='ltr'>igitur</span> <span class='ocrx_word' id='word_1_6' title='bbox 726 639 865 718; x_wconf 90' lang='lat' dir='ltr'>iussuque</span> <span class='ocrx_word' id='word_1_7' title='bbox 888 635 1014 699; x_wconf 87' lang='lat' dir='ltr'>Neronis</span> 
     </span>
     <span class='ocr_line' id='line_1_3' title="bbox 303 721 1132 804; baseline -0.002 -17"><span class='ocrx_word' id='word_1_8' title='bbox 303 726 459 804; x_wconf 84' lang='lat' dir='ltr'>longinum</span> <span class='ocrx_word' id='word_1_9' title='bbox 484 733 515 784; x_wconf 90' lang='lat' dir='ltr'>et</span> <span class='ocrx_word' id='word_1_10' title='bbox 537 741 659 802; x_wconf 90' lang='lat' dir='ltr'>magnos</span> <span class='ocrx_word' id='word_1_11' title='bbox 683 725 817 783; x_wconf 82' lang='lat' dir='ltr'>Senecae</span> <span class='ocrx_word' id='word_1_12' title='bbox 838 722 1008 801; x_wconf 87' lang='lat' dir='ltr'>praedivitis</span> <span class='ocrx_word' id='word_1_13' title='bbox 1031 721 1132 785; x_wconf 88' lang='lat' dir='ltr'>hortos</span> 
     </span>
     <span class='ocr_line' id='line_1_4' title="bbox 303 805 1106 887; baseline -0.001 -16"><span class='ocrx_word' id='word_1_14' title='bbox 303 808 410 871; x_wconf 83' lang='lat' dir='ltr'>Clausit</span> <span class='ocrx_word' id='word_1_15' title='bbox 433 818 464 870; x_wconf 89' lang='lat' dir='ltr'>et</span> <span class='ocrx_word' id='word_1_16' title='bbox 487 810 625 887; x_wconf 82' lang='lat' dir='ltr'>egregias</span> <span class='ocrx_word' id='word_1_17' title='bbox 649 806 853 867; x_wconf 78' lang='lat' dir='ltr'>Lateranorum</span> <span class='ocrx_word' id='word_1_18' title='bbox 877 805 994 866; x_wconf 78' lang='lat' dir='ltr'>obsidet</span> <span class='ocrx_word' id='word_1_19' title='bbox 1016 809 1106 870; x_wconf 86' lang='lat' dir='ltr'>aedes</span> 
     </span>
     <span class='ocr_line' id='line_1_5' title="bbox 303 891 1077 956; baseline -0.008 -1"><span class='ocrx_word' id='word_1_20' title='bbox 303 895 372 956; x_wconf 86' lang='lat' dir='ltr'>l&#39;ota</span> <span class='ocrx_word' id='word_1_21' title='bbox 395 894 520 956; x_wconf 87' lang='lat' dir='ltr'>cohors:</span> <span class='ocrx_word' id='word_1_22' title='bbox 543 911 626 953; x_wconf 83' lang='lat' dir='ltr'>rarus</span> <span class='ocrx_word' id='word_1_23' title='bbox 651 893 779 952; x_wconf 80' lang='lat' dir='ltr'>venitin</span> <span class='ocrx_word' id='word_1_24' title='bbox 802 891 962 952; x_wconf 86' lang='lat' dir='ltr'>coenacula</span> <span class='ocrx_word' id='word_1_25' title='bbox 985 893 1077 953; x_wconf 89' lang='lat' dir='ltr'>miles.</span> 
     </span>
     <span class='ocr_line' id='line_1_6' title="bbox 302 976 1002 1056; baseline -0.01 -15"><span class='ocrx_word' id='word_1_26' title='bbox 302 980 394 1041; x_wconf 87' lang='lat' dir='ltr'>Pauca</span> <span class='ocrx_word' id='word_1_27' title='bbox 417 979 490 1038; x_wconf 90' lang='lat' dir='ltr'>licet</span> <span class='ocrx_word' id='word_1_28' title='bbox 516 986 618 1056; x_wconf 87' lang='lat' dir='ltr'>portes</span> <span class='ocrx_word' id='word_1_29' title='bbox 643 977 758 1055; x_wconf 79' lang='lat' dir='ltr'>argenti</span> <span class='ocrx_word' id='word_1_30' title='bbox 780 976 900 1037; x_wconf 86' lang='lat' dir='ltr'>vascula</span> <span class='ocrx_word' id='word_1_31' title='bbox 928 978 1002 1055; x_wconf 90' lang='lat' dir='ltr'>puri,</span> 
     </span>
     <span class='ocr_line' id='line_1_7' title="bbox 302 1060 1132 1140; baseline -0.005 -16"><span class='ocrx_word' id='word_1_32' title='bbox 302 1063 393 1124; x_wconf 80' lang='lat' dir='ltr'>Nocte</span> <span class='ocrx_word' id='word_1_33' title='bbox 418 1065 476 1123; x_wconf 90' lang='lat' dir='ltr'>iter</span> <span class='ocrx_word' id='word_1_34' title='bbox 498 1062 650 1139; x_wconf 88' lang='lat' dir='ltr'>ingressus</span> <span class='ocrx_word' id='word_1_35' title='bbox 671 1060 798 1139; x_wconf 79' lang='lat' dir='ltr'>gladium</span> <span class='ocrx_word' id='word_1_36' title='bbox 821 1068 995 1140; x_wconf 85' lang='lat' dir='ltr'>contumque</span> <span class='ocrx_word' id='word_1_37' title='bbox 1017 1061 1132 1123; x_wconf 85' lang='lat' dir='ltr'>timebis</span> 
     </span>
     <span class='ocr_line' id='line_1_8' title="bbox 302 1143 1140 1223; baseline -0.002 -15"><span class='ocrx_word' id='word_1_38' title='bbox 302 1147 335 1208; x_wconf 82' lang='lat' dir='ltr'>llt</span> <span class='ocrx_word' id='word_1_39' title='bbox 356 1156 454 1208; x_wconf 86' lang='lat' dir='ltr'>motae</span> <span class='ocrx_word' id='word_1_40' title='bbox 480 1146 517 1207; x_wconf 89' lang='lat' dir='ltr'>ad</span> <span class='ocrx_word' id='word_1_41' title='bbox 540 1146 633 1206; x_wconf 86' lang='lat' dir='ltr'>lunam</span> <span class='ocrx_word' id='word_1_42' title='bbox 656 1143 817 1223; x_wconf 75' lang='lat' dir='ltr'>trepidabis</span> <span class='ocrx_word' id='word_1_43' title='bbox 840 1145 986 1205; x_wconf 81' lang='lat' dir='ltr'>arundinis</span> <span class='ocrx_word' id='word_1_44' title='bbox 1009 1146 1140 1207; x_wconf 87' lang='lat' dir='ltr'>umbras:</span> 
     </span>
     <span class='ocr_line' id='line_1_9' title="bbox 302 1229 963 1292; baseline -0.008 0"><span class='ocrx_word' id='word_1_45' title='bbox 302 1230 434 1292; x_wconf 73' lang='lat' dir='ltr'>uastauit</span> <span class='ocrx_word' id='word_1_46' title='bbox 461 1248 572 1291; x_wconf 79' lang='lat' dir='ltr'>nocuus</span> <span class='ocrx_word' id='word_1_47' title='bbox 598 1247 696 1290; x_wconf 89' lang='lat' dir='ltr'>coram</span> <span class='ocrx_word' id='word_1_48' title='bbox 719 1229 833 1288; x_wconf 89' lang='lat' dir='ltr'>latrone</span> <span class='ocrx_word' id='word_1_49' title='bbox 860 1230 963 1288; x_wconf 86' lang='lat' dir='ltr'>viator.</span> 
     </span>
     <span class='ocr_line' id='line_1_10' title="bbox 302 1314 1077 1396; baseline -0.003 -20"><span class='ocrx_word' id='word_1_50' title='bbox 302 1317 391 1376; x_wconf 85' lang='lat' dir='ltr'>l&#39;rima</span> <span class='ocrx_word' id='word_1_51' title='bbox 416 1315 481 1376; x_wconf 86' lang='lat' dir='ltr'>iere</span> <span class='ocrx_word' id='word_1_52' title='bbox 506 1324 574 1396; x_wconf 88' lang='lat' dir='ltr'>vota</span> <span class='ocrx_word' id='word_1_53' title='bbox 602 1324 631 1374; x_wconf 91' lang='lat' dir='ltr'>et</span> <span class='ocrx_word' id='word_1_54' title='bbox 655 1314 765 1374; x_wconf 90' lang='lat' dir='ltr'>cunctis</span> <span class='ocrx_word' id='word_1_55' title='bbox 789 1314 938 1373; x_wconf 90' lang='lat' dir='ltr'>notissima</span> <span class='ocrx_word' id='word_1_56' title='bbox 960 1314 1077 1394; x_wconf 90' lang='lat' dir='ltr'>templis</span> 
     </span>
     <span class='ocr_line' id='line_1_11' title="bbox 302 1399 1059 1476; baseline -0.003 -16"><span class='ocrx_word' id='word_1_57' title='bbox 302 1400 443 1476; x_wconf 82' lang='lat' dir='ltr'>Divitiae,</span> <span class='ocrx_word' id='word_1_58' title='bbox 468 1407 602 1460; x_wconf 89' lang='lat' dir='ltr'>crescant</span> <span class='ocrx_word' id='word_1_59' title='bbox 627 1407 657 1457; x_wconf 90' lang='lat' dir='ltr'>ut</span> <span class='ocrx_word' id='word_1_60' title='bbox 680 1414 772 1476; x_wconf 92' lang='lat' dir='ltr'>opes,</span> <span class='ocrx_word' id='word_1_61' title='bbox 797 1407 826 1458; x_wconf 94' lang='lat' dir='ltr'>ut</span> <span class='ocrx_word' id='word_1_62' title='bbox 851 1399 973 1458; x_wconf 76' lang='lat' dir='ltr'>monimo</span> <span class='ocrx_word' id='word_1_63' title='bbox 999 1408 1059 1458; x_wconf 89' lang='lat' dir='ltr'>toto</span> 
     </span>
     <span class='ocr_line' id='line_1_12' title="bbox 302 1480 1152 1545; baseline 0 -2"><span class='ocrx_word' id='word_1_64' title='bbox 302 1483 407 1545; x_wconf 87' lang='lat' dir='ltr'>Nostro</span> <span class='ocrx_word' id='word_1_65' title='bbox 435 1484 472 1543; x_wconf 90' lang='lat' dir='ltr'>sit</span> <span class='ocrx_word' id='word_1_66' title='bbox 496 1501 562 1543; x_wconf 87' lang='lat' dir='ltr'>arca</span> <span class='ocrx_word' id='word_1_67' title='bbox 587 1484 662 1543; x_wconf 89' lang='lat' dir='ltr'>loro.</span> <span class='ocrx_word' id='word_1_68' title='bbox 698 1481 757 1542; x_wconf 89' lang='lat' dir='ltr'>Sed</span> <span class='ocrx_word' id='word_1_69' title='bbox 778 1480 856 1542; x_wconf 90' lang='lat' dir='ltr'>nulla</span> <span class='ocrx_word' id='word_1_70' title='bbox 880 1484 993 1543; x_wconf 85' lang='lat' dir='ltr'>aconita</span> <span class='ocrx_word' id='word_1_71' title='bbox 1017 1482 1152 1543; x_wconf 91' lang='lat' dir='ltr'>bibuntur</span> 
     </span>
     <span class='ocr_line' id='line_1_13' title="bbox 301 1567 1107 1646; baseline -0.001 -18"><span class='ocrx_word' id='word_1_72' title='bbox 301 1567 466 1634; x_wconf 79' lang='lat' dir='ltr'>Fictilibus:</span> <span class='ocrx_word' id='word_1_73' title='bbox 493 1577 561 1628; x_wconf 91' lang='lat' dir='ltr'>tunc</span> <span class='ocrx_word' id='word_1_74' title='bbox 583 1567 633 1628; x_wconf 89' lang='lat' dir='ltr'>illa</span> <span class='ocrx_word' id='word_1_75' title='bbox 660 1567 745 1641; x_wconf 91' lang='lat' dir='ltr'>time,</span> <span class='ocrx_word' id='word_1_76' title='bbox 770 1585 855 1646; x_wconf 86' lang='lat' dir='ltr'>quum</span> <span class='ocrx_word' id='word_1_77' title='bbox 880 1567 986 1645; x_wconf 90' lang='lat' dir='ltr'>pocula</span> <span class='ocrx_word' id='word_1_78' title='bbox 1010 1586 1107 1628; x_wconf 90' lang='lat' dir='ltr'>sumes</span> 
     </span>
     <span class='ocr_line' id='line_1_14' title="bbox 302 1651 1035 1714; baseline -0.007 0"><span class='ocrx_word' id='word_1_79' title='bbox 302 1653 449 1714; x_wconf 80' lang='lat' dir='ltr'>(lemmata</span> <span class='ocrx_word' id='word_1_80' title='bbox 477 1661 506 1712; x_wconf 86' lang='lat' dir='ltr'>et</span> <span class='ocrx_word' id='word_1_81' title='bbox 527 1651 586 1712; x_wconf 90' lang='lat' dir='ltr'>lato</span> <span class='ocrx_word' id='word_1_82' title='bbox 611 1653 741 1712; x_wconf 86' lang='lat' dir='ltr'>Setinum</span> <span class='ocrx_word' id='word_1_83' title='bbox 765 1651 879 1709; x_wconf 92' lang='lat' dir='ltr'>ardebit</span> <span class='ocrx_word' id='word_1_84' title='bbox 901 1653 928 1709; x_wconf 91' lang='lat' dir='ltr'>in</span> <span class='ocrx_word' id='word_1_85' title='bbox 955 1669 1035 1711; x_wconf 85' lang='lat' dir='ltr'>auro.</span> 
     </span>
     <span class='ocr_line' id='line_1_15' title="bbox 302 1734 1125 1816; baseline -0.001 -18"><span class='ocrx_word' id='word_1_86' title='bbox 302 1737 396 1798; x_wconf 89' lang='lat' dir='ltr'>lomne</span> <span class='ocrx_word' id='word_1_87' title='bbox 423 1739 511 1816; x_wconf 90' lang='lat' dir='ltr'>igitur</span> <span class='ocrx_word' id='word_1_88' title='bbox 532 1735 650 1811; x_wconf 89' lang='lat' dir='ltr'>laudas,</span> <span class='ocrx_word' id='word_1_89' title='bbox 678 1734 756 1815; x_wconf 87' lang='lat' dir='ltr'>quod</span> <span class='ocrx_word' id='word_1_90' title='bbox 780 1735 817 1795; x_wconf 86' lang='lat' dir='ltr'>de</span> <span class='ocrx_word' id='word_1_91' title='bbox 845 1735 1025 1813; x_wconf 84' lang='lat' dir='ltr'>sapientibus</span> <span class='ocrx_word' id='word_1_92' title='bbox 1050 1736 1125 1797; x_wconf 88' lang='lat' dir='ltr'>alter</span> 
     </span>
     <span class='ocr_line' id='line_1_16' title="bbox 302 1819 1023 1900; baseline -0.006 -17"><span class='ocrx_word' id='word_1_93' title='bbox 302 1821 442 1896; x_wconf 83' lang='lat' dir='ltr'>Ridebat,</span> <span class='ocrx_word' id='word_1_94' title='bbox 468 1821 583 1900; x_wconf 87' lang='lat' dir='ltr'>quoties</span> <span class='ocrx_word' id='word_1_95' title='bbox 606 1819 643 1882; x_wconf 84' lang='lat' dir='ltr'>de</span> <span class='ocrx_word' id='word_1_96' title='bbox 665 1820 761 1880; x_wconf 88' lang='lat' dir='ltr'>limine</span> <span class='ocrx_word' id='word_1_97' title='bbox 783 1829 915 1879; x_wconf 86' lang='lat' dir='ltr'>moverat</span> <span class='ocrx_word' id='word_1_98' title='bbox 940 1838 1023 1879; x_wconf 89' lang='lat' dir='ltr'>unum</span> 
     </span>
     <span class='ocr_line' id='line_1_17' title="bbox 303 1900 1106 1986; baseline -0.007 -18"><span class='ocrx_word' id='word_1_99' title='bbox 303 1906 525 1986; x_wconf 81' lang='lat' dir='ltr'>Protuleratque</span> <span class='ocrx_word' id='word_1_100' title='bbox 546 1905 668 1984; x_wconf 88' lang='lat' dir='ltr'>pedem,</span> <span class='ocrx_word' id='word_1_101' title='bbox 687 1902 777 1964; x_wconf 88' lang='lat' dir='ltr'>llebat</span> <span class='ocrx_word' id='word_1_102' title='bbox 797 1904 958 1963; x_wconf 90' lang='lat' dir='ltr'>contrarius</span> <span class='ocrx_word' id='word_1_103' title='bbox 982 1900 1106 1964; x_wconf 78' lang='lat' dir='ltr'>auctori</span> 
     </span>
     <span class='ocr_line' id='line_1_18' title="bbox 302 1987 1024 2066; baseline -0.004 -15"><span class='ocrx_word' id='word_1_104' title='bbox 302 1991 359 2051; x_wconf 89' lang='lat' dir='ltr'>Sed</span> <span class='ocrx_word' id='word_1_105' title='bbox 382 1989 480 2050; x_wconf 82' lang='lat' dir='ltr'>facilis</span> <span class='ocrx_word' id='word_1_106' title='bbox 505 1990 596 2050; x_wconf 86' lang='lat' dir='ltr'>cuivis</span> <span class='ocrx_word' id='word_1_107' title='bbox 619 1989 706 2066; x_wconf 92' lang='lat' dir='ltr'>rigidi</span> <span class='ocrx_word' id='word_1_108' title='bbox 729 2004 851 2047; x_wconf 88' lang='lat' dir='ltr'>censura</span> <span class='ocrx_word' id='word_1_109' title='bbox 876 1987 1024 2048; x_wconf 89' lang='lat' dir='ltr'>cachinni:</span> 
     </span>
     <span class='ocr_line' id='line_1_19' title="bbox 303 2071 1152 2150; baseline -0.006 -14"><span class='ocrx_word' id='word_1_110' title='bbox 303 2074 460 2136; x_wconf 86' lang='lat' dir='ltr'>llirandum</span> <span class='ocrx_word' id='word_1_111' title='bbox 483 2083 545 2150; x_wconf 90' lang='lat' dir='ltr'>est,</span> <span class='ocrx_word' id='word_1_112' title='bbox 571 2074 646 2134; x_wconf 93' lang='lat' dir='ltr'>unde</span> <span class='ocrx_word' id='word_1_113' title='bbox 672 2072 720 2132; x_wconf 91' lang='lat' dir='ltr'>ille</span> <span class='ocrx_word' id='word_1_114' title='bbox 746 2073 839 2132; x_wconf 90' lang='lat' dir='ltr'>oculis</span> <span class='ocrx_word' id='word_1_115' title='bbox 865 2072 1014 2132; x_wconf 77' lang='lat' dir='ltr'>suffecerit</span> <span class='ocrx_word' id='word_1_116' title='bbox 1042 2071 1152 2133; x_wconf 90' lang='lat' dir='ltr'>humor.</span> 
     </span>
     <span class='ocr_line' id='line_1_20' title="bbox 303 2156 999 2239; baseline -0.006 -19"><span class='ocrx_word' id='word_1_117' title='bbox 303 2160 448 2239; x_wconf 85' lang='lat' dir='ltr'>Perpetuo</span> <span class='ocrx_word' id='word_1_118' title='bbox 474 2158 533 2218; x_wconf 90' lang='lat' dir='ltr'>risu</span> <span class='ocrx_word' id='word_1_119' title='bbox 556 2157 722 2238; x_wconf 83' lang='lat' dir='ltr'>pulmonem</span> <span class='ocrx_word' id='word_1_120' title='bbox 748 2158 859 2236; x_wconf 84' lang='lat' dir='ltr'>agitare</span> <span class='ocrx_word' id='word_1_121' title='bbox 884 2156 999 2216; x_wconf 90' lang='lat' dir='ltr'>solebat</span> 
     </span>
     <span class='ocr_line' id='line_1_21' title="bbox 303 2240 1132 2324; baseline -0.005 -19"><span class='ocrx_word' id='word_1_122' title='bbox 303 2242 503 2320; x_wconf 82' lang='lat' dir='ltr'>Democritus,</span> <span class='ocrx_word' id='word_1_123' title='bbox 530 2260 702 2324; x_wconf 83' lang='lat' dir='ltr'>quamquam</span> <span class='ocrx_word' id='word_1_124' title='bbox 725 2259 781 2301; x_wconf 91' lang='lat' dir='ltr'>uon</span> <span class='ocrx_word' id='word_1_125' title='bbox 805 2250 905 2303; x_wconf 91' lang='lat' dir='ltr'>essent</span> <span class='ocrx_word' id='word_1_126' title='bbox 931 2240 1050 2303; x_wconf 90' lang='lat' dir='ltr'>urbibus</span> <span class='ocrx_word' id='word_1_127' title='bbox 1074 2242 1132 2303; x_wconf 90' lang='lat' dir='ltr'>iilis</span> 
     </span>
     <span class='ocr_line' id='line_1_22' title="bbox 304 2327 1116 2403; baseline -0.007 -12"><span class='ocrx_word' id='word_1_128' title='bbox 304 2329 456 2391; x_wconf 85' lang='lat' dir='ltr'>Pmetexto</span> <span class='ocrx_word' id='word_1_129' title='bbox 480 2339 508 2388; x_wconf 91' lang='lat' dir='ltr'>et</span> <span class='ocrx_word' id='word_1_130' title='bbox 532 2329 667 2402; x_wconf 84' lang='lat' dir='ltr'>trabeae,</span> <span class='ocrx_word' id='word_1_131' title='bbox 692 2327 807 2403; x_wconf 89' lang='lat' dir='ltr'>iasces,</span> <span class='ocrx_word' id='word_1_132' title='bbox 833 2327 956 2403; x_wconf 92' lang='lat' dir='ltr'>lectica,</span> <span class='ocrx_word' id='word_1_133' title='bbox 981 2327 1116 2388; x_wconf 89' lang='lat' dir='ltr'>tribunal.</span> 
     </span>
     <span class='ocr_line' id='line_1_23' title="bbox 304 2410 1023 2490; baseline -0.004 -16"><span class='ocrx_word' id='word_1_134' title='bbox 304 2411 393 2487; x_wconf 79' lang='lat' dir='ltr'>Quid,</span> <span class='ocrx_word' id='word_1_135' title='bbox 417 2414 442 2472; x_wconf 91' lang='lat' dir='ltr'>si</span> <span class='ocrx_word' id='word_1_136' title='bbox 466 2412 587 2472; x_wconf 88' lang='lat' dir='ltr'>vidisset</span> <span class='ocrx_word' id='word_1_137' title='bbox 610 2422 776 2490; x_wconf 88' lang='lat' dir='ltr'>praetorem</span> <span class='ocrx_word' id='word_1_138' title='bbox 800 2410 933 2472; x_wconf 88' lang='lat' dir='ltr'>curribus</span> <span class='ocrx_word' id='word_1_139' title='bbox 957 2412 1023 2472; x_wconf 89' lang='lat' dir='ltr'>altis</span> 
     </span>
     <span class='ocr_line' id='line_1_24' title="bbox 304 2488 1042 2574; baseline -0.008 -15"><span class='ocrx_word' id='word_1_140' title='bbox 304 2498 471 2559; x_wconf 83' lang='lat' dir='ltr'>llxstantem</span> <span class='ocrx_word' id='word_1_141' title='bbox 494 2504 523 2557; x_wconf 88' lang='lat' dir='ltr'>et</span> <span class='ocrx_word' id='word_1_142' title='bbox 548 2498 633 2556; x_wconf 93' lang='lat' dir='ltr'>medii</span> <span class='ocrx_word' id='word_1_143' title='bbox 656 2495 805 2555; x_wconf 84' lang='lat' dir='ltr'>sublimem</span> <span class='ocrx_word' id='word_1_144' title='bbox 820 2488 951 2574; x_wconf 81' lang='lat' dir='ltr'>&#39;pulvere</span> <span class='ocrx_word' id='word_1_145' title='bbox 974 2496 1042 2555; x_wconf 87' lang='lat' dir='ltr'>circi</span> 
     </span>
     <span class='ocr_line' id='line_1_25' title="bbox 303 2579 1047 2658; baseline -0.005 -16"><span class='ocrx_word' id='word_1_146' title='bbox 303 2582 332 2642; x_wconf 92' lang='lat' dir='ltr'>lo</span> <span class='ocrx_word' id='word_1_147' title='bbox 359 2581 456 2642; x_wconf 86' lang='lat' dir='ltr'>tunica</span> <span class='ocrx_word' id='word_1_148' title='bbox 477 2579 556 2640; x_wconf 86' lang='lat' dir='ltr'>lovis</span> <span class='ocrx_word' id='word_1_149' title='bbox 580 2590 609 2640; x_wconf 92' lang='lat' dir='ltr'>et</span> <span class='ocrx_word' id='word_1_150' title='bbox 632 2583 728 2658; x_wconf 87' lang='lat' dir='ltr'>pictae</span> <span class='ocrx_word' id='word_1_151' title='bbox 753 2581 878 2640; x_wconf 87' lang='lat' dir='ltr'>Sarrana</span> <span class='ocrx_word' id='word_1_152' title='bbox 904 2579 1047 2640; x_wconf 89' lang='lat' dir='ltr'>lerentem</span> 
     </span>
     <span class='ocr_line' id='line_1_26' title="bbox 304 2665 1097 2743; baseline -0.005 -16"><span class='ocrx_word' id='word_1_153' title='bbox 304 2666 345 2727; x_wconf 83' lang='lat' dir='ltr'>Ex</span> <span class='ocrx_word' id='word_1_154' title='bbox 371 2665 500 2727; x_wconf 89' lang='lat' dir='ltr'>humeris</span> <span class='ocrx_word' id='word_1_155' title='bbox 525 2665 626 2725; x_wconf 88' lang='lat' dir='ltr'>aulaea</span> <span class='ocrx_word' id='word_1_156' title='bbox 652 2674 740 2742; x_wconf 89' lang='lat' dir='ltr'>togae</span> <span class='ocrx_word' id='word_1_157' title='bbox 764 2682 944 2743; x_wconf 80' lang='lat' dir='ltr'>magnusque</span> <span class='ocrx_word' id='word_1_158' title='bbox 969 2682 1097 2724; x_wconf 88' lang='lat' dir='ltr'>coronae</span> 
     </span>
     <span class='ocr_line' id='line_1_27' title="bbox 303 2746 1144 2829; baseline -0.006 -17"><span class='ocrx_word' id='word_1_159' title='bbox 303 2750 421 2812; x_wconf 85' lang='lat' dir='ltr'>Tantum</span> <span class='ocrx_word' id='word_1_160' title='bbox 448 2748 566 2823; x_wconf 90' lang='lat' dir='ltr'>orbem,</span> <span class='ocrx_word' id='word_1_161' title='bbox 594 2758 701 2829; x_wconf 87' lang='lat' dir='ltr'>quanto</span> <span class='ocrx_word' id='word_1_162' title='bbox 728 2751 828 2807; x_wconf 83' lang='lat' dir='ltr'>cervix</span> <span class='ocrx_word' id='word_1_163' title='bbox 854 2765 911 2807; x_wconf 94' lang='lat' dir='ltr'>non</span> <span class='ocrx_word' id='word_1_164' title='bbox 936 2748 1043 2808; x_wconf 81' lang='lat' dir='ltr'>suflicit</span> <span class='ocrx_word' id='word_1_165' title='bbox 1066 2746 1144 2809; x_wconf 82' lang='lat' dir='ltr'>ulla?</span> 
     </span>
     <span class='ocr_line' id='line_1_28' title="bbox 304 2831 1182 2915; baseline -0.005 -20"><span class='ocrx_word' id='word_1_166' title='bbox 304 2833 419 2915; x_wconf 79' lang='lat' dir='ltr'>Quippe</span> <span class='ocrx_word' id='word_1_167' title='bbox 448 2842 527 2893; x_wconf 91' lang='lat' dir='ltr'>tenet</span> <span class='ocrx_word' id='word_1_168' title='bbox 550 2833 655 2894; x_wconf 88' lang='lat' dir='ltr'>sudans</span> <span class='ocrx_word' id='word_1_169' title='bbox 678 2832 752 2893; x_wconf 83' lang='lat' dir='ltr'>banc</span> <span class='ocrx_word' id='word_1_170' title='bbox 773 2832 908 2910; x_wconf 89' lang='lat' dir='ltr'>publicus</span> <span class='ocrx_word' id='word_1_171' title='bbox 931 2842 975 2907; x_wconf 87' lang='lat' dir='ltr'>et,</span> <span class='ocrx_word' id='word_1_172' title='bbox 1000 2831 1055 2891; x_wconf 91' lang='lat' dir='ltr'>sibi</span> <span class='ocrx_word' id='word_1_173' title='bbox 1082 2848 1182 2892; x_wconf 83' lang='lat' dir='ltr'>consur</span> 
     </span>
     <span class='ocr_line' id='line_1_29' title="bbox 304 2917 1032 2998; baseline -0.004 -20"><span class='ocrx_word' id='word_1_174' title='bbox 304 2918 346 2980; x_wconf 87' lang='lat' dir='ltr'>lie</span> <span class='ocrx_word' id='word_1_175' title='bbox 368 2918 501 2998; x_wconf 90' lang='lat' dir='ltr'>placeat,</span> <span class='ocrx_word' id='word_1_176' title='bbox 527 2936 610 2977; x_wconf 90' lang='lat' dir='ltr'>curru</span> <span class='ocrx_word' id='word_1_177' title='bbox 634 2935 737 2978; x_wconf 82' lang='lat' dir='ltr'>servus</span> <span class='ocrx_word' id='word_1_178' title='bbox 763 2925 894 2995; x_wconf 85' lang='lat' dir='ltr'>portatur</span> <span class='ocrx_word' id='word_1_179' title='bbox 919 2917 1032 2977; x_wconf 88' lang='lat' dir='ltr'>eodem.</span> 
     </span>
     <span class='ocr_line' id='line_1_30' title="bbox 304 3000 1196 3079; baseline -0.007 -15"><span class='ocrx_word' id='word_1_180' title='bbox 304 3003 345 3064; x_wconf 83' lang='lat' dir='ltr'>llo</span> <span class='ocrx_word' id='word_1_181' title='bbox 368 3020 443 3063; x_wconf 86' lang='lat' dir='ltr'>nuno</span> <span class='ocrx_word' id='word_1_182' title='bbox 470 3012 499 3061; x_wconf 97' lang='lat' dir='ltr'>et</span> <span class='ocrx_word' id='word_1_183' title='bbox 524 3002 690 3074; x_wconf 88' lang='lat' dir='ltr'>volucrem,</span> <span class='ocrx_word' id='word_1_184' title='bbox 717 3009 836 3079; x_wconf 87' lang='lat' dir='ltr'>sceptro</span> <span class='ocrx_word' id='word_1_185' title='bbox 866 3018 940 3079; x_wconf 84' lang='lat' dir='ltr'>quae</span> <span class='ocrx_word' id='word_1_186' title='bbox 962 3002 1055 3079; x_wconf 79' lang='lat' dir='ltr'>surgit</span> <span class='ocrx_word' id='word_1_187' title='bbox 1077 3000 1196 3073; x_wconf 74' lang='lat' dir='ltr'>eburno,</span> 
     </span>
     <span class='ocr_line' id='line_1_31' title="bbox 304 3085 1015 3164; baseline -0.004 -16"><span class='ocrx_word' id='word_1_188' title='bbox 304 3087 385 3148; x_wconf 92' lang='lat' dir='ltr'>lllinc</span> <span class='ocrx_word' id='word_1_189' title='bbox 407 3088 588 3162; x_wconf 89' lang='lat' dir='ltr'>cornicines,</span> <span class='ocrx_word' id='word_1_190' title='bbox 613 3086 679 3145; x_wconf 91' lang='lat' dir='ltr'>binc</span> <span class='ocrx_word' id='word_1_191' title='bbox 703 3087 908 3164; x_wconf 84' lang='lat' dir='ltr'>praecedentia</span> <span class='ocrx_word' id='word_1_192' title='bbox 934 3085 1015 3163; x_wconf 89' lang='lat' dir='ltr'>longi</span> 
     </span>
     <span class='ocr_line' id='line_1_32' title="bbox 304 3169 1069 3249; baseline -0.005 -17"><span class='ocrx_word' id='word_1_193' title='bbox 304 3172 433 3249; x_wconf 77' lang='lat' dir='ltr'>Agminis</span> <span class='ocrx_word' id='word_1_194' title='bbox 458 3170 554 3230; x_wconf 84' lang='lat' dir='ltr'>officia</span> <span class='ocrx_word' id='word_1_195' title='bbox 582 3180 611 3229; x_wconf 91' lang='lat' dir='ltr'>et</span> <span class='ocrx_word' id='word_1_196' title='bbox 633 3172 734 3229; x_wconf 90' lang='lat' dir='ltr'>niveos</span> <span class='ocrx_word' id='word_1_197' title='bbox 760 3170 796 3230; x_wconf 91' lang='lat' dir='ltr'>ad</span> <span class='ocrx_word' id='word_1_198' title='bbox 822 3170 905 3230; x_wconf 85' lang='lat' dir='ltr'>irena</span> <span class='ocrx_word' id='word_1_199' title='bbox 930 3169 1069 3243; x_wconf 84' lang='lat' dir='ltr'>Quirites,</span> 
     </span>
     <span class='ocr_line' id='line_1_33' title="bbox 305 3253 1102 3333; baseline -0.005 -18"><span class='ocrx_word' id='word_1_200' title='bbox 305 3255 430 3315; x_wconf 84' lang='lat' dir='ltr'>Delossa</span> <span class='ocrx_word' id='word_1_201' title='bbox 455 3256 482 3313; x_wconf 94' lang='lat' dir='ltr'>in</span> <span class='ocrx_word' id='word_1_202' title='bbox 509 3253 613 3313; x_wconf 92' lang='lat' dir='ltr'>loculis</span> <span class='ocrx_word' id='word_1_203' title='bbox 636 3271 711 3333; x_wconf 87' lang='lat' dir='ltr'>quos</span> <span class='ocrx_word' id='word_1_204' title='bbox 734 3254 865 3332; x_wconf 84' lang='lat' dir='ltr'>sportolo</span> <span class='ocrx_word' id='word_1_205' title='bbox 887 3254 959 3315; x_wconf 89' lang='lat' dir='ltr'>iecit</span> <span class='ocrx_word' id='word_1_206' title='bbox 983 3255 1102 3315; x_wconf 80' lang='lat' dir='ltr'>amicos.</span> 
     </span>
     <span class='ocr_line' id='line_1_34' title="bbox 305 3338 1105 3418; baseline -0.005 -17"><span class='ocrx_word' id='word_1_207' title='bbox 305 3340 373 3401; x_wconf 82' lang='lat' dir='ltr'>Tum</span> <span class='ocrx_word' id='word_1_208' title='bbox 401 3356 518 3418; x_wconf 84' lang='lat' dir='ltr'>quoque</span> <span class='ocrx_word' id='word_1_209' title='bbox 543 3339 690 3398; x_wconf 84' lang='lat' dir='ltr'>materiam</span> <span class='ocrx_word' id='word_1_210' title='bbox 713 3340 787 3397; x_wconf 87' lang='lat' dir='ltr'>risus</span> <span class='ocrx_word' id='word_1_211' title='bbox 811 3339 920 3399; x_wconf 85' lang='lat' dir='ltr'>invenit</span> <span class='ocrx_word' id='word_1_212' title='bbox 944 3338 978 3398; x_wconf 91' lang='lat' dir='ltr'>ad</span> <span class='ocrx_word' id='word_1_213' title='bbox 1004 3355 1105 3398; x_wconf 91' lang='lat' dir='ltr'>omnes</span> 
     </span>
     <span class='ocr_line' id='line_1_35' title="bbox 304 3422 1092 3500; baseline -0.003 -18"><span class='ocrx_word' id='word_1_214' title='bbox 304 3423 451 3485; x_wconf 83' lang='lat' dir='ltr'>Occursus</span> <span class='ocrx_word' id='word_1_215' title='bbox 474 3422 633 3497; x_wconf 89' lang='lat' dir='ltr'>bominum,</span> <span class='ocrx_word' id='word_1_216' title='bbox 661 3424 742 3482; x_wconf 91' lang='lat' dir='ltr'>cuius</span> <span class='ocrx_word' id='word_1_217' title='bbox 767 3423 917 3500; x_wconf 90' lang='lat' dir='ltr'>prudentia</span> <span class='ocrx_word' id='word_1_218' title='bbox 944 3431 1092 3492; x_wconf 87' lang='lat' dir='ltr'>monstrat,</span> 
     </span>
     <span class='ocr_line' id='line_1_36' title="bbox 251 3506 1140 3585; baseline -0.008 -15"><span class='ocrx_word' id='word_1_219' title='bbox 251 3576 254 3583; x_wconf 55' lang='grc'>,</span> <span class='ocrx_word' id='word_1_220' title='bbox 304 3509 437 3569; x_wconf 85' lang='lat' dir='ltr'>Summos</span> <span class='ocrx_word' id='word_1_221' title='bbox 464 3524 553 3585; x_wconf 90' lang='lat' dir='ltr'>posse</span> <span class='ocrx_word' id='word_1_222' title='bbox 579 3508 659 3565; x_wconf 88' lang='lat' dir='ltr'>viros</span> <span class='ocrx_word' id='word_1_223' title='bbox 682 3516 711 3566; x_wconf 91' lang='lat' dir='ltr'>et</span> <span class='ocrx_word' id='word_1_224' title='bbox 730 3525 832 3583; x_wconf 90' lang='lat' dir='ltr'>magna</span> <span class='ocrx_word' id='word_1_225' title='bbox 858 3507 994 3585; x_wconf 88' lang='lat' dir='ltr'>exempla</span> <span class='ocrx_word' id='word_1_226' title='bbox 1022 3506 1140 3565; x_wconf 89' lang='lat' dir='ltr'>daturos</span> 
     </span>
     <span class='ocr_line' id='line_1_37' title="bbox 304 3590 1102 3670; baseline -0.005 -19"><span class='ocrx_word' id='word_1_227' title='bbox 304 3590 468 3653; x_wconf 78' lang='lat' dir='ltr'>vervecum</span> <span class='ocrx_word' id='word_1_228' title='bbox 490 3593 518 3651; x_wconf 96' lang='lat' dir='ltr'>in</span> <span class='ocrx_word' id='word_1_229' title='bbox 542 3593 634 3670; x_wconf 89' lang='lat' dir='ltr'>patria</span> <span class='ocrx_word' id='word_1_230' title='bbox 659 3607 819 3668; x_wconf 88' lang='lat' dir='ltr'>crassoque</span> <span class='ocrx_word' id='word_1_231' title='bbox 842 3591 896 3650; x_wconf 89' lang='lat' dir='ltr'>sub</span> <span class='ocrx_word' id='word_1_232' title='bbox 920 3610 989 3650; x_wconf 89' lang='lat' dir='ltr'>aere</span> <span class='ocrx_word' id='word_1_233' title='bbox 1013 3591 1102 3649; x_wconf 91' lang='lat' dir='ltr'>nasci.</span> 
     </span>
     <span class='ocr_line' id='line_1_38' title="bbox 306 3674 1018 3752; baseline -0.006 -17"><span class='ocrx_word' id='word_1_234' title='bbox 306 3675 428 3737; x_wconf 81' lang='lat' dir='ltr'>llidebat</span> <span class='ocrx_word' id='word_1_235' title='bbox 453 3693 555 3751; x_wconf 85' lang='lat' dir='ltr'>curas,</span> <span class='ocrx_word' id='word_1_236' title='bbox 581 3693 717 3736; x_wconf 90' lang='lat' dir='ltr'>necnon</span> <span class='ocrx_word' id='word_1_237' title='bbox 744 3683 773 3734; x_wconf 91' lang='lat' dir='ltr'>et</span> <span class='ocrx_word' id='word_1_238' title='bbox 797 3676 900 3751; x_wconf 84' lang='lat' dir='ltr'>gaudia</span> <span class='ocrx_word' id='word_1_239' title='bbox 929 3674 1018 3752; x_wconf 86' lang='lat' dir='ltr'>vulgi,</span> 
     </span>
     <span class='ocr_line' id='line_1_39' title="bbox 307 3759 1165 3838; baseline -0.007 -18"><span class='ocrx_word' id='word_1_240' title='bbox 307 3760 449 3822; x_wconf 84' lang='lat' dir='ltr'>Interdum</span> <span class='ocrx_word' id='word_1_241' title='bbox 472 3770 501 3821; x_wconf 92' lang='lat' dir='ltr'>et</span> <span class='ocrx_word' id='word_1_242' title='bbox 527 3760 677 3835; x_wconf 81' lang='lat' dir='ltr'>lacrimas,</span> <span class='ocrx_word' id='word_1_243' title='bbox 705 3778 789 3838; x_wconf 83' lang='lat' dir='ltr'>quum</span> <span class='ocrx_word' id='word_1_244' title='bbox 813 3761 945 3817; x_wconf 85' lang='lat' dir='ltr'>l&#39;ortunae</span> <span class='ocrx_word' id='word_1_245' title='bbox 974 3759 1036 3836; x_wconf 90' lang='lat' dir='ltr'>ipse</span> <span class='ocrx_word' id='word_1_246' title='bbox 1063 3759 1165 3818; x_wconf 86' lang='lat' dir='ltr'>minaci</span> 
     </span>
     <span class='ocr_line' id='line_1_40' title="bbox 348 3842 1085 3905; baseline -0.009 1"><span class='ocrx_word' id='word_1_247' title='bbox 348 3866 404 3905; x_wconf 85' lang='lat' dir='ltr'>mv.</span> <span class='ocrx_word' id='word_1_248' title='bbox 428 3866 489 3905; x_wconf 74' lang='lat' dir='ltr'>sar.</span> <span class='ocrx_word' id='word_1_249' title='bbox 1064 3842 1085 3899; x_wconf 81' lang='lat' dir='ltr'>b</span> 
     </span>
    </p>
   </div>
   <div class='ocr_carea' id='block_1_3' title="bbox 0 0 1723 4575">
    <p class='ocr_par' dir='ltr' id='par_1_3' title="bbox 0 0 1723 4575">
     <span class='ocr_line' id='line_1_41' title="bbox 0 0 1723 4575; baseline 0 0"><span class='ocrx_word' id='word_1_250' title='bbox 0 0 1723 4575; x_wconf 95' lang='lat' dir='ltr'> </span> 
     </span>
    </p>
   </div>
  </div>
 </body>
</html>
