3434 4575
364 547 405 610 bt
710 560 745 607 o.
768 557 838 608 rum.
864 540 1051 609 tammonis

364 703 476 777 Quanta
499 711 594 763 autem
618 701 684 763 inde
710 703 791 763 ieres
813 711 870 761 tam
892 701 973 762 dirae
997 703 1124 778 praemia
1148 703 1265 783 eulpae,

364 788 456 861 Quum
477 795 580 846 tenues
604 805 697 866 nuper
718 786 826 846 Marius
849 786 1020 847 discinxerit
1040 785 1150 846 diros?
1308 800 1358 854 lto

364 867 528 931 Curandum
549 871 578 930 in
600 872 716 950 primis,
741 890 778 930 ne
803 888 907 949 magna
932 871 1033 930 iniuria
1058 869 1106 930 liat

362 955 499 1034 Fortibus
519 963 549 1015 et
564 956 688 1015 miseris.
719 953 820 1015 Tollas
841 955 911 1015 licet
931 972 1015 1015 omne
1037 955 1113 1032 quod
1134 973 1254 1035 usquam
1282 963 1328 1016 est

362 1039 434 1100 Auri
456 1048 544 1119 atque
572 1040 704 1118 argenti,
731 1049 843 1099 scutum
864 1040 1051 1118 gladiumque
1075 1039 1224 1120 relinques

362 1124 399 1186 Et
421 1123 545 1185 iaculum
571 1133 600 1184 et
622 1124 753 1202 galeam:
779 1124 914 1202 spoliatis
937 1141 1015 1184 arma
1041 1134 1205 1202 supersunt.

362 1208 448 1283 Quod
476 1208 562 1268 modo
586 1210 744 1287 proposui,
768 1219 894 1268 nonest
917 1208 1074 1269 sententia:
1098 1227 1198 1269 verum
1223 1219 1282 1275 est;
1307 1220 1356 1274 125

362 1290 482 1354 Credite
503 1311 550 1352 me
576 1293 662 1353 vobis
684 1292 784 1352 lolium
808 1294 935 1354 recitare
958 1291 1099 1367 Sibyllae.

361 1378 393 1440 Si
417 1376 470 1438 tibi
494 1385 593 1438 saneta
617 1377 726 1438 cobors
753 1379 905 1451 comitum,
925 1379 953 1436 si
976 1394 1060 1436 nemo
1084 1377 1209 1437 tribunal

360 1460 467 1523 Vendit
495 1478 718 1536 aoersecomes‚
747 1462 772 1520 si
796 1460 904 1521 nullum
929 1463 956 1521 in
980 1462 1105 1538 coniuge
1131 1463 1251 1537 crimen,

361 1545 425 1609 Nec
449 1563 503 1625 per
525 1554 686 1605 conventus
709 1555 738 1605 et
762 1555 865 1607 cuncta
889 1564 942 1624 per
965 1544 1192 1624 oppida-curuis

361 1628 512 1708 Unguibus
534 1631 577 1689 ire
602 1641 685 1709 parat
707 1647 837 1690 nummos
859 1640 976 1708 raptura
1000 1626 1147 1689 Celaeno:

361 1713 403 1775 'lu
426 1713 496 1774 licet
519 1732 536 1775 a
562 1713 632 1775 Pico
659 1733 795 1775 numeres
817 1733 928 1793 genus,
957 1715 1073 1793 altaque
1099 1716 1122 1772 si
1144 1722 1173 1772 te

361 1798 483 1859 Nomina
509 1797 674 1875 delectant,
699 1815 813 1859 omnem
837 1797 968 1860 Titanida
993 1816 1116 1878 pugnam

361 1883 439 1946 luter
466 1884 594 1944 maiores
620 1884 775 1963 ipsumque
798 1883 972 1944 Promethea
996 1900 1103 1961 ponas:

361 1967 405 2029 De
429 1985 614 2048 quocumque
638 1968 723 2028 voles
747 1986 886 2046 proavum
913 1967 962 2027 tibi
987 1968 1090 2027 sumito
1114 1966 1199 2027 libro.

362 2051 447 2127 Quod
471 2051 495 2111 si
520 2053 710 2131 praecipitem
737 2054 813 2130 rapit
839 2051 957 2111 ambitio
986 2060 1072 2130 atque
1096 2050 1198 2124 libido,
1305 2058 1353 2114 1³5

363 2137 393 2196 Si
415 2136 527 2213 frangis
549 2137 648 2213 virgas
672 2138 817 2197 sociorum
842 2138 869 2195 in
892 2136 1050 2213 sanguine,
1074 2137 1097 2194 si
1120 2144 1150 2194 te

363 2219 518 2283 Delectant
541 2219 666 2281 bebetes
689 2219 768 2280 lasso
794 2219 900 2280 lictore
925 2237 1065 2279 secures:

361 2306 465 2383 lncipit
488 2306 618 2383 ipsorum
637 2314 737 2366 contra
763 2315 793 2366 te
816 2315 894 2367 stare
919 2314 1068 2383 parentum

362 2389 505 2450 Nobilitas
531 2390 696 2467 claramque
720 2390 815 2451 lacem
838 2390 991 2469 praeferre
1017 2388 1168 2468 pudendis.

362 2474 453 2534 Omne
476 2474 560 2533 animi
585 2473 683 2534 vitium
709 2483 787 2534 tanto
811 2475 1000 2554 conspectius
1022 2477 1050 2532 in
1073 2492 1105 2533 se

363 2556 479 2620 Crimen
504 2556 610 2634 bobet,
632 2568 739 2638 quanto
763 2560 856 2619 maior
877 2561 926 2639 qui
950 2566 1055 2637 peccat
1081 2557 1214 2618 babetur.

362 2642 427 2716 Quo
449 2641 517 2702 mibi
539 2650 568 2702 te
590 2643 705 2703 solitum
728 2644 819 2704 falsas
843 2644 960 2722 signare
983 2642 1107 2703 tabellas

362 2727 391 2785 ln
422 2725 552 2805 templis,
583 2746 657 2807 quae
684 2728 754 2789 lecit
776 2746 863 2804 avus,
892 2736 1072 2807 statuamque
1096 2727 1225 2804 parentis

363 2812 437 2870 dote
464 2810 685 2889 triumphalem?
709 2831 784 2893 quo,
808 2814 833 2871 si
859 2821 1016 2873 nocturnus
1038 2810 1151 2871 adulter

361 2894 506 2973 Tempora
529 2895 687 2955 Santonico
714 2897 798 2957 velas
823 2897 965 2976 adoperta
989 2892 1126 2957 cucullo?

402 2978 523 3040 Praeter
546 2980 685 3040 maiorum
713 2984 827 3041 cineres
852 2991 938 3060 atque
963 2996 1031 3040 ossa
1055 2979 1167 3040 volucri

352 3061 507 3144 ¹carpento
535 3066 643 3142 rapitur
668 3067 781 3143 pinguis
804 3063 982 3142 Lateranus,
1010 3073 1039 3124 et
1064 3066 1146 3143 ipse,

359 3147 428 3227 lpse
454 3156 545 3208 rotam
571 3150 703 3226 astringit
727 3149 816 3209 multo
842 3149 1004 3210 sufflamine
1031 3148 1144 3223 consul,

361 3231 455 3293 Nocte
478 3232 615 3312 vquidem;
642 3233 694 3293 sed
717 3233 903 3310 incandet,
929 3234 980 3293 sed
1005 3234 1101 3293 sidera
1123 3241 1216 3292 testes

361 3316 513 3380 intendunt
535 3316 648 3376 oculos.
684 3315 805 3392 Finitum
830 3328 945 3396 tempus
969 3317 1089 3378 honoris
1309 3318 1311 3322 ’

361 3400 453 3474 Quum
476 3401 579 3478 luerit,
607 3401 685 3461 clara
711 3399 869 3461 Lateranus
898 3402 964 3462 luce
990 3401 1136 3478 flagellum
1209 3433 1211 3437 ·

361 3486 460 3545 Sumet
482 3493 512 3545 et
533 3501 687 3547 occursum
709 3504 861 3565 numquam
882 3486 1039 3564 trepidabit
1062 3487 1144 3546 amici

362 3568 419 3629 lam
442 3570 537 3646 senis,
563 3588 599 3631 ac
621 3571 703 3648 virga
727 3572 807 3648 prior
829 3580 935 3630 annuet
961 3580 1047 3649 atque
1070 3572 1214 3650 maniplos

362 3652 465 3713 Solvet
487 3662 516 3713 et
541 3655 670 3715 inlundet
694 3655 825 3713 iumentis
850 3653 960 3715 hordea
984 3654 1079 3714 lassis.

363 3735 493 3801 interea.
520 3738 585 3799 dum
609 3738 719 3799 lanatas
743 3738 905 3819 robumque
930 3740 1081 3798 iuvencum
1129 3811 1132 3818 ι

365 3820 447 3880 blore
469 3820 578 3881 Numae
603 3823 697 3882 caedit
720 3822 797 3884 lo'vis
821 3832 887 3882 ante
912 3822 1029 3884 altaris.
1058 3824 1130 3883 iurat
