3434 4575
508 458 848 520 EPIGRAMMATON
861 459 936 523 LIB.
951 460 1019 525 vll.
1227 463 1290 533 161

328 614 447 676 Audiet
461 614 521 673 hoe
536 629 684 693 praesens
698 617 890 690 venturaque
905 616 1013 694 turba,
1032 617 1130 678 fnisse

285 712 321 764 10
369 696 419 758 llli
434 702 483 776 te,
503 696 642 790 Senecae
658 694 740 775 quod
754 696 816 756 fuit
829 694 886 757 ille
902 717 968 758 suo.

718 860 812 924 XLV.

325 974 466 1040 Facundi
481 974 619 1034 Senecae
630 982 742 1054 potens
759 975 889 1053 amicus,

328 1062 409 1121 Uaro
425 1060 582 1139 proximus
598 1066 650 1118 ant
663 1059 751 1138 prior
767 1058 903 1137 Sereno,

326 1147 387 1205 Hic
403 1151 452 1203 est
468 1142 619 1202 Maximus
633 1139 707 1221 ille,
730 1161 821 1221 quem
835 1143 997 1223 frequenti

325 1228 417 1289 Felix
430 1227 540 1287 littera
552 1227 664 1305 pagina
678 1223 800 1285 salutat.

303 1314 419 1376 5Hunc
434 1318 469 1371 tu
481 1329 540 1390 per
555 1308 676 1370 Siculas
691 1315 815 1370 secutus
829 1310 942 1390 undas,

328 1398 355 1457 0
370 1395 481 1472 nullis,
503 1393 611 1472 Ovidi,
629 1393 763 1454 tacende
776 1391 909 1473 linguis,

329 1481 482 1560 Sprevisti
499 1478 615 1539 domini
629 1479 764 1538 furentis
777 1480 850 1543 iras.

324 1565 462 1626 Miretur
476 1561 617 1642 Pyladen
630 1571 717 1622 suum
731 1569 884 1640 vetustas,

324 1649 436 1708 Haesit
452 1649 505 1726 qui
520 1665 622 1707 comes
638 1646 720 1706 exuli
734 1647 884 1726 parentis.

282 1744 318 1797 10
325 1733 401 1808 Quis
416 1731 594 1792 discrimina
608 1737 766 1810 comparet
779 1728 931 1789 duorum?

325 1816 464 1876 Haesisti
479 1832 582 1875 comes
597 1811 682 1873 exuli
696 1814 840 1874 Neronis.

714 1967 821 2030 XLVI.

326 2079 552 2143 Commendare
567 2086 653 2141 tuum
668 2080 740 2140 dum
753 2082 800 2141 vis
815 2081 892 2141 mihi
906 2080 1042 2142 carmine
1056 2100 1165 2144 munus

364 2166 573 2244 Maeonioque
592 2167 679 2246 cupis
694 2164 815 2226 doctius
831 2183 886 2225 ore
899 2162 1001 2244 loqui,

322 2250 489 2311 Excrucias
502 2249 608 2310 multis
623 2251 743 2332 pariter
757 2269 807 2312 me
821 2256 918 2329 teque
933 2248 1058 2328 diebus,

365 2335 407 2394 Et
421 2342 475 2395 tua
489 2333 529 2394 de
543 2340 668 2414 nostro,
690 2336 815 2414 Prisce,
838 2334 950 2395 Thalia
963 2340 1056 2396 tacet.

300 2417 476 2480 5Divitibus
491 2420 610 2500 poteris
626 2438 726 2478 musas
742 2417 912 2497 elegosque
927 2423 1073 2480 sonantes

367 2502 517 2562 Mittere:
539 2503 727 2581 pauperibus
741 2519 885 2581 munera,
905 2503 1031 2581 Prisce,
1049 2502 1130 2564 dato.

701 2667 822 2730 XLVII.

323 2785 490 2846 Doctorum
507 2786 608 2846 Licini
623 2782 829 2844 celeberrime
845 2783 1086 2862 Saracenorum,

365 2870 460 2930 Cuius
473 2871 577 2950 prisca
590 2887 698 2947 graves
711 2865 818 2946 lingua
831 2866 957 2929 reduxit
971 2887 1058 2948 avos,

324 2952 495 3032 Redderis,
518 2955 596 3031 heu,
619 2959 732 3032 quanto
747 2952 882 3012 fatorum
896 2953 1039 3014 munere!
1060 2954 1167 3036 nobis,

365 3038 495 3100 Gustata
510 3037 628 3098 Lethes
643 3055 744 3118 paene
759 3038 906 3098 remissus
921 3057 1010 3118 aqua.
1044 3030 1053 3046 ⁰

300 3120 534 3183 5Perdideraut
550 3124 611 3182 iam
625 3128 696 3181 vota
709 3128 826 3182 metum
841 3140 1013 3201 securaque
1028 3123 1125 3184 flebat

365 3204 509 3267 Tristitia
523 3212 556 3267 et
568 3203 705 3267 lacrimis
718 3208 841 3284 iamque
854 3211 1000 3286 peractus
1016 3224 1095 3267 eras.

320 3286 391 3348 Non
407 3289 481 3350 tulit
493 3290 638 3350 invidiam
652 3292 741 3350 taciti
754 3295 903 3369 regnator
918 3289 1035 3350 Averni

363 3374 406 3433 Et
420 3378 525 3453 raptas
539 3374 612 3433 fatis
625 3372 767 3432 reddidit
780 3374 849 3453 ipse
866 3370 962 3434 colus.

321 3454 390 3515 Scis
404 3458 515 3535 igitur,
538 3461 666 3535 quantas
680 3457 838 3515 hominum
852 3475 936 3516 mors
951 3452 1031 3517 falsa
1045 3450 1203 3537 querellas

277 3550 314 3603 10
362 3538 515 3618 Moverit,
538 3545 571 3599 et
586 3539 702 3598 frueris
716 3539 901 3619 posteritate
916 3547 976 3601 tua.

320 3621 400 3684 Vive
415 3621 501 3683 velut
515 3629 605 3706 rapto
620 3624 810 3703 fugitivaque
826 3623 936 3702 gaudia
951 3642 1059 3705 carpe:

363 3705 547 3769 Perdiderit
563 3707 681 3771 nullum
694 3709 757 3769 vita
769 3727 896 3770 reversa
910 3708 1001 3773 diem.

323 3791 430 3853 Maur.
1037 3790 1077 3855 ll
