<?xml version="1.0" encoding="UTF-8"?>
<!DOCTYPE html PUBLIC "-//W3C//DTD XHTML 1.0 Transitional//EN"
    "http://www.w3.org/TR/xhtml1/DTD/xhtml1-transitional.dtd">
<html xmlns="http://www.w3.org/1999/xhtml" xml:lang="en" lang="en">
 <head>
  <title>
</title>
<meta http-equiv="Content-Type" content="text/html;charset=utf-8" />
  <meta name='ocr-system' content='tesseract 3.04.00' />
  <meta name='ocr-capabilities' content='ocr_page ocr_carea ocr_par ocr_line ocrx_word'/>
</head>
<body>
  <div class='ocr_page' id='page_1' title='image "./satirarumlibriq00juvegoog_0305.png"; bbox 0 0 3434 4575; ppageno 0'>
   <div class='ocr_carea' id='block_1_1' title="bbox 525 456 1025 520">
    <p class='ocr_par' dir='ltr' id='par_1_1' title="bbox 525 456 1025 520">
     <span class='ocr_line' id='line_1_1' title="bbox 525 456 1025 520; baseline 0.004 -4"><span class='ocrx_word' id='word_1_1' title='bbox 525 456 868 518; x_wconf 82' lang='lat' dir='ltr'><strong>EPIGRAMMATON</strong></span> <span class='ocrx_word' id='word_1_2' title='bbox 880 457 955 520; x_wconf 85' lang='lat' dir='ltr'><strong>LlB.</strong></span> <span class='ocrx_word' id='word_1_3' title='bbox 974 458 1025 520; x_wconf 82' lang='lat' dir='ltr'><strong>lv.</strong></span> 
     </span>
    </p>
   </div>
   <div class='ocr_carea' id='block_1_2' title="bbox 733 655 824 716">
    <p class='ocr_par' dir='ltr' id='par_1_2' title="bbox 733 655 824 716">
     <span class='ocr_line' id='line_1_2' title="bbox 733 655 824 716; baseline 0.011 -1"><span class='ocrx_word' id='word_1_4' title='bbox 733 655 824 716; x_wconf 86' lang='lat' dir='ltr'><strong>LXll.</strong></span> 
     </span>
    </p>
   </div>
   <div class='ocr_carea' id='block_1_3' title="bbox 341 765 1110 912">
    <p class='ocr_par' dir='ltr' id='par_1_3' title="bbox 341 765 1110 912">
     <span class='ocr_line' id='line_1_3' title="bbox 341 765 1110 848; baseline 0.005 -22"><span class='ocrx_word' id='word_1_5' title='bbox 341 767 441 826; x_wconf 88' lang='lat' dir='ltr'>Tibur</span> <span class='ocrx_word' id='word_1_6' title='bbox 453 767 485 825; x_wconf 90' lang='lat' dir='ltr'><strong>in</strong></span> <span class='ocrx_word' id='word_1_7' title='bbox 500 765 689 827; x_wconf 86' lang='lat' dir='ltr'><strong>Herculeum</strong></span> <span class='ocrx_word' id='word_1_8' title='bbox 705 769 949 846; x_wconf 82' lang='lat' dir='ltr'><strong>migravitnigra</strong></span> <span class='ocrx_word' id='word_1_9' title='bbox 963 769 1110 848; x_wconf 83' lang='lat' dir='ltr'><strong>Lycoris,</strong></span> 
     </span>
     <span class='ocr_line' id='line_1_4' title="bbox 383 849 991 912; baseline 0.005 -4"><span class='ocrx_word' id='word_1_10' title='bbox 383 850 492 909; x_wconf 85' lang='lat' dir='ltr'><strong>Omnia</strong></span> <span class='ocrx_word' id='word_1_11' title='bbox 510 849 581 909; x_wconf 89' lang='lat' dir='ltr'><strong>dum</strong></span> <span class='ocrx_word' id='word_1_12' title='bbox 594 850 664 910; x_wconf 89' lang='lat' dir='ltr'><strong>tleri</strong></span> <span class='ocrx_word' id='word_1_13' title='bbox 680 851 810 912; x_wconf 86' lang='lat' dir='ltr'><strong>candida</strong></span> <span class='ocrx_word' id='word_1_14' title='bbox 825 849 927 911; x_wconf 85' lang='lat' dir='ltr'><strong>credit</strong></span> <span class='ocrx_word' id='word_1_15' title='bbox 939 851 991 911; x_wconf 89' lang='lat' dir='ltr'><strong>ibi.</strong></span> 
     </span>
    </p>
   </div>
   <div class='ocr_carea' id='block_1_4' title="bbox 722 984 827 1045">
    <p class='ocr_par' dir='ltr' id='par_1_4' title="bbox 722 984 827 1045">
     <span class='ocr_line' id='line_1_5' title="bbox 722 984 827 1045; baseline 0.019 -2"><span class='ocrx_word' id='word_1_16' title='bbox 722 984 827 1045; x_wconf 81' lang='lat' dir='ltr'>Lxffl.</span> 
     </span>
    </p>
   </div>
   <div class='ocr_carea' id='block_1_5' title="bbox 339 1093 1201 1430">
    <p class='ocr_par' dir='ltr' id='par_1_5' title="bbox 339 1093 1065 1244">
     <span class='ocr_line' id='line_1_6' title="bbox 339 1093 1065 1178; baseline 0.01 -25"><span class='ocrx_word' id='word_1_17' title='bbox 339 1097 419 1153; x_wconf 87' lang='lat' dir='ltr'><strong>Dum</strong></span> <span class='ocrx_word' id='word_1_18' title='bbox 432 1096 512 1174; x_wconf 89' lang='lat' dir='ltr'><strong>petit</strong></span> <span class='ocrx_word' id='word_1_19' title='bbox 527 1117 543 1154; x_wconf 92' lang='lat' dir='ltr'><strong>a</strong></span> <span class='ocrx_word' id='word_1_20' title='bbox 559 1093 663 1156; x_wconf 89' lang='lat' dir='ltr'><strong>Baulis</strong></span> <span class='ocrx_word' id='word_1_21' title='bbox 677 1104 776 1157; x_wconf 91' lang='lat' dir='ltr'><strong>mater</strong></span> <span class='ocrx_word' id='word_1_22' title='bbox 791 1097 946 1159; x_wconf 75' lang='lat' dir='ltr'>Caerellia</span> <span class='ocrx_word' id='word_1_23' title='bbox 961 1101 1065 1178; x_wconf 82' lang='lat' dir='ltr'><strong>Raias,</strong></span> 
     </span>
     <span class='ocr_line' id='line_1_7' title="bbox 383 1176 974 1244; baseline 0.008 -6"><span class='ocrx_word' id='word_1_24' title='bbox 383 1176 506 1238; x_wconf 76' lang='lat' dir='ltr'><strong>Occidit</strong></span> <span class='ocrx_word' id='word_1_25' title='bbox 518 1180 618 1239; x_wconf 87' lang='lat' dir='ltr'><strong>insani</strong></span> <span class='ocrx_word' id='word_1_26' title='bbox 632 1181 760 1241; x_wconf 90' lang='lat' dir='ltr'><strong>crimine</strong></span> <span class='ocrx_word' id='word_1_27' title='bbox 774 1200 876 1242; x_wconf 84' lang='lat' dir='ltr'><strong>mersa</strong></span> <span class='ocrx_word' id='word_1_28' title='bbox 889 1183 974 1244; x_wconf 85' lang='lat' dir='ltr'><strong>freti.</strong></span> 
     </span>
    </p>

    <p class='ocr_par' dir='ltr' id='par_1_6' title="bbox 342 1261 1201 1430">
     <span class='ocr_line' id='line_1_8' title="bbox 342 1261 1201 1342; baseline 0.006 -20"><span class='ocrx_word' id='word_1_29' title='bbox 342 1261 451 1322; x_wconf 78' lang='lat' dir='ltr'><strong>Gloria</strong></span> <span class='ocrx_word' id='word_1_30' title='bbox 468 1269 580 1341; x_wconf 86' lang='lat' dir='ltr'><strong>quanta</strong></span> <span class='ocrx_word' id='word_1_31' title='bbox 594 1265 679 1342; x_wconf 90' lang='lat' dir='ltr'><strong>perit</strong></span> <span class='ocrx_word' id='word_1_32' title='bbox 691 1265 793 1324; x_wconf 82' lang='lat' dir='ltr'><strong>vobis!</strong></span> <span class='ocrx_word' id='word_1_33' title='bbox 814 1266 892 1327; x_wconf 90' lang='lat' dir='ltr'><strong>haec</strong></span> <span class='ocrx_word' id='word_1_34' title='bbox 906 1274 1043 1327; x_wconf 85' lang='lat' dir='ltr'><strong>monstra</strong></span> <span class='ocrx_word' id='word_1_35' title='bbox 1057 1267 1175 1330; x_wconf 89' lang='lat' dir='ltr'><strong>Neroni</strong></span> <span class='ocrx_word' id='word_1_36' title='bbox 1198 1261 1201 1266; x_wconf 38' lang='lat'>⁸</span> 
     </span>
     <span class='ocr_line' id='line_1_9' title="bbox 385 1345 1102 1430; baseline 0.013 -26"><span class='ocrx_word' id='word_1_37' title='bbox 385 1345 451 1405; x_wconf 89' lang='lat' dir='ltr'><strong>Nec</strong></span> <span class='ocrx_word' id='word_1_38' title='bbox 465 1347 566 1406; x_wconf 85' lang='lat' dir='ltr'><strong>iussae</strong></span> <span class='ocrx_word' id='word_1_39' title='bbox 580 1345 731 1425; x_wconf 87' lang='lat' dir='ltr'><strong>quondam</strong></span> <span class='ocrx_word' id='word_1_40' title='bbox 747 1351 977 1428; x_wconf 76' lang='lat' dir='ltr'><strong>praestiteratis</strong></span> <span class='ocrx_word' id='word_1_41' title='bbox 995 1370 1102 1430; x_wconf 88' lang='lat' dir='ltr'><strong>aquae.</strong></span> 
     </span>
    </p>
   </div>
   <div class='ocr_carea' id='block_1_6' title="bbox 654 1457 831 1545">
    <p class='ocr_par' dir='ltr' id='par_1_7' title="bbox 654 1457 831 1545">
     <span class='ocr_line' id='line_1_10' title="bbox 654 1457 831 1545; baseline 0.023 -4"><span class='ocrx_word' id='word_1_42' title='bbox 654 1457 662 1470; x_wconf 84' lang='lat'><strong><em>‘</em></strong></span> <span class='ocrx_word' id='word_1_43' title='bbox 723 1482 831 1545; x_wconf 79' lang='lat' dir='ltr'><strong>nxtv.</strong></span> 
     </span>
    </p>
   </div>
   <div class='ocr_carea' id='block_1_7' title="bbox 295 1590 1082 3833">
    <p class='ocr_par' dir='ltr' id='par_1_8' title="bbox 295 1590 1082 3833">
     <span class='ocr_line' id='line_1_11' title="bbox 341 1590 800 1672; baseline 0.009 -21"><span class='ocrx_word' id='word_1_44' title='bbox 341 1590 400 1651; x_wconf 95' lang='lat' dir='ltr'><strong>luli</strong></span> <span class='ocrx_word' id='word_1_45' title='bbox 413 1592 520 1669; x_wconf 81' lang='lat' dir='ltr'><strong>iugera</strong></span> <span class='ocrx_word' id='word_1_46' title='bbox 533 1611 630 1672; x_wconf 88' lang='lat' dir='ltr'><strong>pauca</strong></span> <span class='ocrx_word' id='word_1_47' title='bbox 646 1593 800 1655; x_wconf 82' lang='lat' dir='ltr'><strong>Martialis</strong></span> 
     </span>
     <span class='ocr_line' id='line_1_12' title="bbox 340 1675 825 1755; baseline 0.008 -21"><span class='ocrx_word' id='word_1_48' title='bbox 340 1677 450 1735; x_wconf 88' lang='lat' dir='ltr'><strong>Hortis</strong></span> <span class='ocrx_word' id='word_1_49' title='bbox 463 1675 672 1755; x_wconf 83' lang='lat' dir='ltr'><strong>Hesperidum</strong></span> <span class='ocrx_word' id='word_1_50' title='bbox 686 1680 825 1738; x_wconf 85' lang='lat' dir='ltr'><strong>beatiora</strong></span> 
     </span>
     <span class='ocr_line' id='line_1_13' title="bbox 339 1758 888 1838; baseline 0.007 -21"><span class='ocrx_word' id='word_1_51' title='bbox 339 1759 446 1836; x_wconf 81' lang='lat' dir='ltr'><strong>Longo</strong></span> <span class='ocrx_word' id='word_1_52' title='bbox 460 1758 586 1819; x_wconf 81' lang='lat' dir='ltr'><strong>Ianiculi</strong></span> <span class='ocrx_word' id='word_1_53' title='bbox 599 1761 669 1838; x_wconf 87' lang='lat' dir='ltr'><strong>ingo</strong></span> <span class='ocrx_word' id='word_1_54' title='bbox 687 1763 888 1821; x_wconf 89' lang='lat' dir='ltr'><strong>recumbunt:</strong></span> 
     </span>
     <span class='ocr_line' id='line_1_14' title="bbox 339 1840 888 1905; baseline 0.009 -5"><span class='ocrx_word' id='word_1_55' title='bbox 339 1843 409 1901; x_wconf 89' lang='lat' dir='ltr'><strong>Lati</strong></span> <span class='ocrx_word' id='word_1_56' title='bbox 425 1840 557 1902; x_wconf 90' lang='lat' dir='ltr'><strong>collibus</strong></span> <span class='ocrx_word' id='word_1_57' title='bbox 571 1845 733 1904; x_wconf 92' lang='lat' dir='ltr'><strong>imminent</strong></span> <span class='ocrx_word' id='word_1_58' title='bbox 746 1864 888 1905; x_wconf 85' lang='lat' dir='ltr'><strong>recessus</strong></span> 
     </span>
     <span class='ocr_line' id='line_1_15' title="bbox 317 1924 902 2004; baseline 0.002 -17"><span class='ocrx_word' id='word_1_59' title='bbox 317 1927 384 1987; x_wconf 83' lang='lat' dir='ltr'><strong>5Et</strong></span> <span class='ocrx_word' id='word_1_60' title='bbox 396 1924 505 2004; x_wconf 89' lang='lat' dir='ltr'><strong>planus</strong></span> <span class='ocrx_word' id='word_1_61' title='bbox 519 1926 640 1987; x_wconf 83' lang='lat' dir='ltr'><strong>modico</strong></span> <span class='ocrx_word' id='word_1_62' title='bbox 660 1934 780 1988; x_wconf 86' lang='lat' dir='ltr'><strong>tumore</strong></span> <span class='ocrx_word' id='word_1_63' title='bbox 793 1935 902 1988; x_wconf 82' lang='lat' dir='ltr'><strong>vertex</strong></span> 
     </span>
     <span class='ocr_line' id='line_1_16' title="bbox 340 2009 818 2090; baseline 0.01 -22"><span class='ocrx_word' id='word_1_64' title='bbox 340 2009 435 2069; x_wconf 86' lang='lat' dir='ltr'><strong>Caelo</strong></span> <span class='ocrx_word' id='word_1_65' title='bbox 450 2011 624 2088; x_wconf 79' lang='lat' dir='ltr'><strong>perfruitur</strong></span> <span class='ocrx_word' id='word_1_66' title='bbox 639 2014 818 2090; x_wconf 88' lang='lat' dir='ltr'><strong>sereniore,</strong></span> 
     </span>
     <span class='ocr_line' id='line_1_17' title="bbox 339 2093 883 2174; baseline 0.007 -21"><span class='ocrx_word' id='word_1_67' title='bbox 339 2093 382 2153; x_wconf 84' lang='lat' dir='ltr'><strong>Et</strong></span> <span class='ocrx_word' id='word_1_68' title='bbox 396 2112 502 2153; x_wconf 80' lang='lat' dir='ltr'><strong>curras</strong></span> <span class='ocrx_word' id='word_1_69' title='bbox 519 2093 631 2154; x_wconf 91' lang='lat' dir='ltr'><strong>nebula</strong></span> <span class='ocrx_word' id='word_1_70' title='bbox 645 2103 773 2174; x_wconf 84' lang='lat' dir='ltr'><strong>tegente</strong></span> <span class='ocrx_word' id='word_1_71' title='bbox 786 2095 883 2157; x_wconf 78' lang='lat' dir='ltr'><strong>valles</strong></span> 
     </span>
     <span class='ocr_line' id='line_1_18' title="bbox 340 2175 792 2258; baseline 0.009 -22"><span class='ocrx_word' id='word_1_72' title='bbox 340 2175 432 2236; x_wconf 92' lang='lat' dir='ltr'><strong>Solus</strong></span> <span class='ocrx_word' id='word_1_73' title='bbox 445 2175 516 2237; x_wconf 93' lang='lat' dir='ltr'><strong>luce</strong></span> <span class='ocrx_word' id='word_1_74' title='bbox 531 2179 611 2238; x_wconf 90' lang='lat' dir='ltr'><strong>nitet</strong></span> <span class='ocrx_word' id='word_1_75' title='bbox 625 2178 792 2258; x_wconf 85' lang='lat' dir='ltr'><strong>peculiari:</strong></span> 
     </span>
     <span class='ocr_line' id='line_1_19' title="bbox 341 2261 884 2325; baseline 0.007 -5"><span class='ocrx_word' id='word_1_76' title='bbox 341 2261 431 2321; x_wconf 88' lang='lat' dir='ltr'><strong>Puris</strong></span> <span class='ocrx_word' id='word_1_77' title='bbox 446 2261 562 2321; x_wconf 90' lang='lat' dir='ltr'><strong>leniter</strong></span> <span class='ocrx_word' id='word_1_78' title='bbox 576 2262 777 2325; x_wconf 81' lang='lat' dir='ltr'><strong>admoventur</strong></span> <span class='ocrx_word' id='word_1_79' title='bbox 792 2265 884 2324; x_wconf 89' lang='lat' dir='ltr'><strong>astris</strong></span> 
     </span>
     <span class='ocr_line' id='line_1_20' title="bbox 297 2344 857 2411; baseline -0.002 -2"><span class='ocrx_word' id='word_1_80' title='bbox 297 2344 449 2409; x_wconf 81' lang='lat' dir='ltr'><strong>100elsae</strong></span> <span class='ocrx_word' id='word_1_81' title='bbox 466 2345 597 2405; x_wconf 90' lang='lat' dir='ltr'><strong>culmina</strong></span> <span class='ocrx_word' id='word_1_82' title='bbox 612 2345 744 2408; x_wconf 85' lang='lat' dir='ltr'><strong>delicata</strong></span> <span class='ocrx_word' id='word_1_83' title='bbox 758 2348 857 2411; x_wconf 82' lang='lat' dir='ltr'><strong>villae.</strong></span> 
     </span>
     <span class='ocr_line' id='line_1_21' title="bbox 340 2429 973 2509; baseline 0.006 -21"><span class='ocrx_word' id='word_1_84' title='bbox 340 2430 422 2489; x_wconf 89' lang='lat' dir='ltr'><strong>Hinc</strong></span> <span class='ocrx_word' id='word_1_85' title='bbox 438 2437 557 2509; x_wconf 86' lang='lat' dir='ltr'><strong>septem</strong></span> <span class='ocrx_word' id='word_1_86' title='bbox 573 2429 713 2491; x_wconf 91' lang='lat' dir='ltr'><strong>dominos</strong></span> <span class='ocrx_word' id='word_1_87' title='bbox 727 2431 835 2492; x_wconf 83' lang='lat' dir='ltr'><strong>videre</strong></span> <span class='ocrx_word' id='word_1_88' title='bbox 850 2439 973 2492; x_wconf 89' lang='lat' dir='ltr'><strong>montes</strong></span> 
     </span>
     <span class='ocr_line' id='line_1_22' title="bbox 339 2513 916 2592; baseline 0.005 -20"><span class='ocrx_word' id='word_1_89' title='bbox 339 2514 381 2573; x_wconf 83' lang='lat' dir='ltr'><strong>Et</strong></span> <span class='ocrx_word' id='word_1_90' title='bbox 395 2520 489 2573; x_wconf 88' lang='lat' dir='ltr'><strong>totam</strong></span> <span class='ocrx_word' id='word_1_91' title='bbox 503 2513 581 2574; x_wconf 85' lang='lat' dir='ltr'><strong>licet</strong></span> <span class='ocrx_word' id='word_1_92' title='bbox 595 2517 758 2575; x_wconf 89' lang='lat' dir='ltr'><strong>aestimare</strong></span> <span class='ocrx_word' id='word_1_93' title='bbox 772 2516 916 2592; x_wconf 80' lang='lat' dir='ltr'><strong>Romam,</strong></span> 
     </span>
     <span class='ocr_line' id='line_1_23' title="bbox 340 2597 958 2678; baseline 0.003 -22"><span class='ocrx_word' id='word_1_94' title='bbox 340 2597 477 2657; x_wconf 83' lang='lat' dir='ltr'><strong>Albanos</strong></span> <span class='ocrx_word' id='word_1_95' title='bbox 492 2617 615 2677; x_wconf 91' lang='lat' dir='ltr'><strong>quoque</strong></span> <span class='ocrx_word' id='word_1_96' title='bbox 630 2598 845 2678; x_wconf 86' lang='lat' dir='ltr'><strong>Tusculosque</strong></span> <span class='ocrx_word' id='word_1_97' title='bbox 861 2598 958 2659; x_wconf 88' lang='lat' dir='ltr'><strong>colles</strong></span> 
     </span>
     <span class='ocr_line' id='line_1_24' title="bbox 338 2681 987 2761; baseline 0.006 -22"><span class='ocrx_word' id='word_1_98' title='bbox 338 2682 379 2740; x_wconf 79' lang='lat' dir='ltr'><strong>ut</strong></span> <span class='ocrx_word' id='word_1_99' title='bbox 396 2681 599 2761; x_wconf 89' lang='lat' dir='ltr'><strong>quodcunque</strong></span> <span class='ocrx_word' id='word_1_100' title='bbox 613 2684 695 2742; x_wconf 85' lang='lat' dir='ltr'><strong>iacet</strong></span> <span class='ocrx_word' id='word_1_101' title='bbox 709 2684 765 2741; x_wconf 89' lang='lat' dir='ltr'><strong>sub</strong></span> <span class='ocrx_word' id='word_1_102' title='bbox 781 2684 858 2742; x_wconf 90' lang='lat' dir='ltr'><strong>urbe</strong></span> <span class='ocrx_word' id='word_1_103' title='bbox 873 2683 987 2761; x_wconf 78' lang='lat' dir='ltr'><strong>frigus,</strong></span> 
     </span>
     <span class='ocr_line' id='line_1_25' title="bbox 298 2764 952 2846; baseline 0 -19"><span class='ocrx_word' id='word_1_104' title='bbox 298 2764 473 2827; x_wconf 83' lang='lat' dir='ltr'><strong>15Fidenas</strong></span> <span class='ocrx_word' id='word_1_105' title='bbox 488 2773 612 2826; x_wconf 85' lang='lat' dir='ltr'><strong>veteres</strong></span> <span class='ocrx_word' id='word_1_106' title='bbox 627 2768 799 2846; x_wconf 82' lang='lat' dir='ltr'><strong>brevesque</strong></span> <span class='ocrx_word' id='word_1_107' title='bbox 814 2767 952 2845; x_wconf 87' lang='lat' dir='ltr'><strong>Rubras,</strong></span> 
     </span>
     <span class='ocr_line' id='line_1_26' title="bbox 339 2849 888 2928; baseline 0.004 -20"><span class='ocrx_word' id='word_1_108' title='bbox 339 2850 380 2909; x_wconf 83' lang='lat' dir='ltr'><strong>Et</strong></span> <span class='ocrx_word' id='word_1_109' title='bbox 398 2849 479 2928; x_wconf 87' lang='lat' dir='ltr'><strong>quod</strong></span> <span class='ocrx_word' id='word_1_110' title='bbox 494 2851 632 2927; x_wconf 81' lang='lat' dir='ltr'><strong>virgineo</strong></span> <span class='ocrx_word' id='word_1_111' title='bbox 648 2869 759 2910; x_wconf 88' lang='lat' dir='ltr'><strong>cruore</strong></span> <span class='ocrx_word' id='word_1_112' title='bbox 774 2849 888 2927; x_wconf 85' lang='lat' dir='ltr'><strong>gaudet</strong></span> 
     </span>
     <span class='ocr_line' id='line_1_27' title="bbox 339 2933 954 3012; baseline 0.007 -19"><span class='ocrx_word' id='word_1_113' title='bbox 339 2936 446 2993; x_wconf 83' lang='lat' dir='ltr'><strong>Auuae</strong></span> <span class='ocrx_word' id='word_1_114' title='bbox 460 2935 644 3012; x_wconf 85' lang='lat' dir='ltr'><strong>pomiferum</strong></span> <span class='ocrx_word' id='word_1_115' title='bbox 660 2953 767 2994; x_wconf 91' lang='lat' dir='ltr'><strong>nemus</strong></span> <span class='ocrx_word' id='word_1_116' title='bbox 781 2933 954 2999; x_wconf 86' lang='lat' dir='ltr'><strong>Perennae.</strong></span> 
     </span>
     <span class='ocr_line' id='line_1_28' title="bbox 339 3016 829 3095; baseline 0.002 -18"><span class='ocrx_word' id='word_1_117' title='bbox 339 3018 428 3078; x_wconf 87' lang='lat' dir='ltr'><strong>Illinc</strong></span> <span class='ocrx_word' id='word_1_118' title='bbox 442 3017 614 3079; x_wconf 83' lang='lat' dir='ltr'><strong>Flaminiae</strong></span> <span class='ocrx_word' id='word_1_119' title='bbox 630 3016 829 3095; x_wconf 85' lang='lat' dir='ltr'><strong>Salariaeque</strong></span> 
     </span>
     <span class='ocr_line' id='line_1_29' title="bbox 340 3101 869 3184; baseline -0.004 -21"><span class='ocrx_word' id='word_1_120' title='bbox 340 3104 488 3163; x_wconf 89' lang='lat' dir='ltr'><strong>Gestator</strong></span> <span class='ocrx_word' id='word_1_121' title='bbox 501 3110 589 3184; x_wconf 85' lang='lat' dir='ltr'><strong>patet</strong></span> <span class='ocrx_word' id='word_1_122' title='bbox 603 3101 713 3162; x_wconf 87' lang='lat' dir='ltr'><strong>essedo</strong></span> <span class='ocrx_word' id='word_1_123' title='bbox 729 3109 869 3181; x_wconf 85' lang='lat' dir='ltr'><strong>tacente,</strong></span> 
     </span>
     <span class='ocr_line' id='line_1_30' title="bbox 296 3185 935 3265; baseline -0.005 -16"><span class='ocrx_word' id='word_1_124' title='bbox 296 3189 384 3249; x_wconf 79' lang='lat' dir='ltr'><strong>20Ne</strong></span> <span class='ocrx_word' id='word_1_125' title='bbox 400 3185 513 3247; x_wconf 90' lang='lat' dir='ltr'><strong>blando</strong></span> <span class='ocrx_word' id='word_1_126' title='bbox 530 3195 599 3247; x_wconf 90' lang='lat' dir='ltr'><strong>rota</strong></span> <span class='ocrx_word' id='word_1_127' title='bbox 613 3187 655 3247; x_wconf 85' lang='lat' dir='ltr'><strong>sit</strong></span> <span class='ocrx_word' id='word_1_128' title='bbox 668 3185 798 3246; x_wconf 87' lang='lat' dir='ltr'><strong>molesta</strong></span> <span class='ocrx_word' id='word_1_129' title='bbox 813 3206 935 3265; x_wconf 82' lang='lat' dir='ltr'><strong>somno,</strong></span> 
     </span>
     <span class='ocr_line' id='line_1_31' title="bbox 340 3270 1011 3350; baseline 0 -19"><span class='ocrx_word' id='word_1_130' title='bbox 340 3273 437 3347; x_wconf 82' lang='lat' dir='ltr'><strong>Quem</strong></span> <span class='ocrx_word' id='word_1_131' title='bbox 452 3291 509 3332; x_wconf 92' lang='lat' dir='ltr'><strong>nec</strong></span> <span class='ocrx_word' id='word_1_132' title='bbox 523 3290 668 3350; x_wconf 86' lang='lat' dir='ltr'><strong>rumpere</strong></span> <span class='ocrx_word' id='word_1_133' title='bbox 684 3272 838 3332; x_wconf 88' lang='lat' dir='ltr'><strong>nauticum</strong></span> <span class='ocrx_word' id='word_1_134' title='bbox 854 3270 1011 3344; x_wconf 80' lang='lat' dir='ltr'><strong>celeuma,</strong></span> 
     </span>
     <span class='ocr_line' id='line_1_32' title="bbox 338 3353 881 3432; baseline -0.002 -16"><span class='ocrx_word' id='word_1_135' title='bbox 338 3356 403 3416; x_wconf 91' lang='lat' dir='ltr'><strong>Nec</strong></span> <span class='ocrx_word' id='word_1_136' title='bbox 419 3353 535 3417; x_wconf 88' lang='lat' dir='ltr'><strong>clamor</strong></span> <span class='ocrx_word' id='word_1_137' title='bbox 548 3354 630 3416; x_wconf 80' lang='lat' dir='ltr'><strong>valet</strong></span> <span class='ocrx_word' id='word_1_138' title='bbox 645 3354 881 3432; x_wconf 79' lang='lat' dir='ltr'><strong>helciarioium‚</strong></span> 
     </span>
     <span class='ocr_line' id='line_1_33' title="bbox 339 3438 1027 3519; baseline -0.006 -19"><span class='ocrx_word' id='word_1_139' title='bbox 339 3440 415 3500; x_wconf 83' lang='lat' dir='ltr'><strong>Cum</strong></span> <span class='ocrx_word' id='word_1_140' title='bbox 431 3442 472 3501; x_wconf 87' lang='lat' dir='ltr'><strong>sit</strong></span> <span class='ocrx_word' id='word_1_141' title='bbox 484 3448 545 3501; x_wconf 89' lang='lat' dir='ltr'><strong>tam</strong></span> <span class='ocrx_word' id='word_1_142' title='bbox 559 3458 657 3519; x_wconf 90' lang='lat' dir='ltr'><strong>prope</strong></span> <span class='ocrx_word' id='word_1_143' title='bbox 672 3438 824 3518; x_wconf 84' lang='lat' dir='ltr'><strong>Mulvius,</strong></span> <span class='ocrx_word' id='word_1_144' title='bbox 846 3456 1027 3517; x_wconf 87' lang='lat' dir='ltr'><strong>sacrumque</strong></span> 
     </span>
     <span class='ocr_line' id='line_1_34' title="bbox 337 3522 951 3604; baseline 0.002 -21"><span class='ocrx_word' id='word_1_145' title='bbox 337 3525 457 3603; x_wconf 85' lang='lat' dir='ltr'><strong>Lapsae</strong></span> <span class='ocrx_word' id='word_1_146' title='bbox 472 3544 530 3604; x_wconf 91' lang='lat' dir='ltr'><strong>per</strong></span> <span class='ocrx_word' id='word_1_147' title='bbox 545 3523 685 3585; x_wconf 83' lang='lat' dir='ltr'><strong>Tiberim</strong></span> <span class='ocrx_word' id='word_1_148' title='bbox 700 3522 806 3584; x_wconf 82' lang='lat' dir='ltr'><strong>volent</strong></span> <span class='ocrx_word' id='word_1_149' title='bbox 819 3525 951 3584; x_wconf 89' lang='lat' dir='ltr'><strong>carinae.</strong></span> 
     </span>
     <span class='ocr_line' id='line_1_35' title="bbox 295 3605 1035 3687; baseline -0.009 -16"><span class='ocrx_word' id='word_1_150' title='bbox 295 3619 329 3671; x_wconf 70' lang='lat'><strong>23</strong></span> <span class='ocrx_word' id='word_1_151' title='bbox 337 3609 406 3667; x_wconf 90' lang='lat' dir='ltr'><strong>Hoc</strong></span> <span class='ocrx_word' id='word_1_152' title='bbox 420 3627 489 3686; x_wconf 85' lang='lat' dir='ltr'><strong>rus,</strong></span> <span class='ocrx_word' id='word_1_153' title='bbox 512 3626 567 3667; x_wconf 85' lang='lat' dir='ltr'><strong>scu</strong></span> <span class='ocrx_word' id='word_1_154' title='bbox 581 3609 684 3687; x_wconf 92' lang='lat' dir='ltr'><strong>potius</strong></span> <span class='ocrx_word' id='word_1_155' title='bbox 693 3606 806 3667; x_wconf 86' lang='lat' dir='ltr'><strong>&#39;domus</strong></span> <span class='ocrx_word' id='word_1_156' title='bbox 820 3605 957 3667; x_wconf 80' lang='lat' dir='ltr'><strong>vocanda</strong></span> <span class='ocrx_word' id='word_1_157' title='bbox 971 3611 1035 3683; x_wconf 83' lang='lat' dir='ltr'><strong>est,</strong></span> 
     </span>
     <span class='ocr_line' id='line_1_36' title="bbox 340 3689 1082 3833; baseline -0.005 -80"><span class='ocrx_word' id='word_1_158' title='bbox 340 3690 542 3753; x_wconf 82' lang='lat' dir='ltr'><strong>Commendat</strong></span> <span class='ocrx_word' id='word_1_159' title='bbox 557 3689 712 3752; x_wconf 86' lang='lat' dir='ltr'><strong>dominus:</strong></span> <span class='ocrx_word' id='word_1_160' title='bbox 731 3700 812 3752; x_wconf 90' lang='lat' dir='ltr'><strong>tuam</strong></span> <span class='ocrx_word' id='word_1_161' title='bbox 828 3692 968 3771; x_wconf 80' lang='lat' dir='ltr'><strong>putabis3</strong></span> <span class='ocrx_word' id='word_1_162' title='bbox 1038 3767 1082 3833; x_wconf 50' lang='lat'><strong>7*</strong></span> 
     </span>
    </p>
   </div>
   <div class='ocr_carea' id='block_1_8' title="bbox 1256 457 1297 521">
    <p class='ocr_par' dir='ltr' id='par_1_9' title="bbox 1256 457 1297 521">
     <span class='ocr_line' id='line_1_37' title="bbox 1256 457 1297 521; baseline 0.024 -1"><span class='ocrx_word' id='word_1_163' title='bbox 1256 457 1297 521; x_wconf 83' lang='lat'><strong>99</strong></span> 
     </span>
    </p>
   </div>
   <div class='ocr_carea' id='block_1_9' title="bbox 0 0 1722 4575">
    <p class='ocr_par' dir='ltr' id='par_1_10' title="bbox 0 0 1722 4575">
     <span class='ocr_line' id='line_1_38' title="bbox 0 0 1722 4575; baseline 0 4"><span class='ocrx_word' id='word_1_164' title='bbox 0 0 1722 4575; x_wconf 95' lang='lat' dir='ltr'><strong> </strong></span> 
     </span>
    </p>
   </div>
  </div>
 </body>
</html>
