3434 4575
435 471 442 482 '
571 461 912 526 EPIGRAMMATON
926 462 999 524 LlB.
1014 462 1079 525 Vll.
1289 460 1349 523 163

797 664 858 730 Lll.

392 781 521 841 (iratum
535 785 598 858 est,
614 778 697 859 quod
712 777 819 840 Celeri
832 785 957 839 nostros
972 776 1068 857 legis,
1080 779 1200 857 Aucte,
1214 775 1349 858 libellos,

434 864 468 923 Si
483 870 584 923 tamen
601 870 633 923 ct
648 862 792 924 Celerem
812 862 892 942 quod
910 860 1006 941 legis,
1026 863 1143 940 Aucte,
1165 865 1259 927 iuvat.

389 946 447 1010 llle
465 965 548 1007 meas
564 954 673 1026 gentes
688 953 721 1006 et
736 946 842 1008 Celtas
857 948 940 1006 rexit
953 946 1106 1023 Hiberos,

433 1031 498 1092 Nec
512 1031 573 1090 fuit
587 1032 619 1089 iu
632 1038 740 1092 nostro
756 1032 873 1092 certior
889 1033 965 1090 orbe
979 1029 1067 1090 fides.

369 1116 498 1177 5Maior
511 1134 560 1174 me
575 1121 662 1175 tanto
678 1116 856 1175 reverentia
870 1116 990 1194 turbat,
1012 1121 1045 1175 et
1060 1131 1150 1175 aures

432 1199 501 1260 Non
516 1196 682 1277 auditoris,
702 1197 814 1259 iudicis
826 1217 895 1258 csse
909 1204 994 1279 puto.

791 1331 868 1393 Llll.

391 1445 501 1506 Omnia
514 1446 624 1506 misisti
642 1446 717 1506 mihi
732 1444 962 1524 Saturnalibus,
978 1445 1114 1524 Umber,
1197 1436 1198 1439 ¹

432 1530 580 1608 Munera,
604 1528 798 1590 contulerant
814 1549 892 1609 quae
906 1531 965 1591 tibi
980 1531 1115 1608 quinque
1131 1527 1214 1608 dies,

389 1614 443 1675 Bis
458 1631 549 1673 senos
561 1613 703 1692 triplices
719 1620 752 1674 et
767 1613 970 1694 dentiscalpia
984 1620 1120 1693 septem:

431 1697 489 1756 His
504 1716 606 1757 comes
622 1699 753 1757 accessit
767 1699 911 1777 spongia,
932 1716 1059 1776 mappa,
1081 1695 1177 1775 calix,

368 1779 616 1859 tscmooliusque
630 1780 720 1840 fabae
736 1800 804 1840 cum
816 1781 929 1839 vimine
943 1779 1144 1858 Picenarum,

432 1866 474 1924 nt
488 1863 655 1923 Laletanae
673 1863 761 1942 nigra
773 1861 884 1941 lagona
899 1881 1008 1942 sapae3

388 1950 548 2026 Parvaque
563 1967 630 2007 cum
646 1948 729 2007 canis
743 1952 898 2006 venerunt
912 1952 1035 2006 cottona
1046 1947 1155 2026 prunis

431 2033 474 2093 Et
487 2032 623 2111 Libycae
637 2031 689 2090 fici
703 2028 844 2110 pondere
859 2034 941 2089 testa
956 2031 1065 2109 gravis.

389 2117 450 2179 Vix
465 2121 539 2195 puto
554 2115 682 2193 triginta
696 2133 887 2174 nummorum
902 2119 968 2174 tota
982 2114 1078 2173 fuisse

346 2211 383 2263 10
429 2199 578 2276 Munera,
602 2217 679 2277 quae
694 2196 826 2277 grandes
842 2203 912 2258 octo
927 2197 1029 2256 tulere
1042 2197 1122 2275 Syri.

392 2286 513 2361 Quanto
530 2280 717 2343 commodius
733 2279 822 2343 nullo
835 2282 911 2342 mihi
925 2281 1012 2342 ferre
1026 2279 1132 2342 labore

432 2367 564 2446 Argenti
578 2368 680 2447 potuit
693 2365 833 2449 pondera
848 2368 984 2445 quinque
1000 2366 1094 2447 puer!

791 2513 869 2578 LlV.

392 2625 523 2706 Semper
537 2643 626 2685 mane
641 2626 716 2685 milri
731 2625 770 2686 de
785 2645 835 2686 me
852 2631 905 2685 tua
920 2627 1037 2686 somnia
1051 2645 1175 2705 narras,

434 2711 519 2785 Quae
533 2715 676 2770 moveant
689 2709 821 2769 animum
836 2707 1067 2789 sollicitentque
1081 2728 1190 2768 meum.

391 2794 452 2853 lam
465 2795 553 2874 prior
568 2792 607 2853 ad
620 2794 756 2872 faecem,
778 2792 835 2854 sed
849 2798 882 2853 et
896 2792 973 2853 haec
987 2791 1253 2869 vindemiaverit,
1352 2842 1355 2847 .

432 2879 549 2938 Exorat
561 2884 670 2937 noctes
685 2876 756 2938 dum
771 2877 847 2938 milri
862 2896 933 2957 saga
946 2884 1024 2939 tuas.

369 2962 576 3043 5Gonsumpsi
591 2961 746 3041 salsasque
761 2960 857 3023 molas
872 2968 905 3022 et
919 2963 997 3022 turis
1012 2978 1154 3037 acervos,

434 3046 610 3106 Decrevere
625 3064 753 3125 greges,
777 3046 848 3107 dum
863 3044 946 3106 cadit
960 3065 1035 3126 agna
1050 3046 1216 3123 frequens;

391 3128 460 3190 Non
474 3149 604 3209 porcus,
626 3150 688 3190 non
707 3131 824 3191 chortis
840 3150 927 3209 aves,
949 3150 1011 3190 non
1025 3150 1080 3191 ova
1095 3129 1270 3208 supersunt.

432 3213 496 3274 Aut
510 3213 604 3293 vigila
618 3220 669 3275 ant
686 3213 802 3294 dormi,
824 3214 1009 3294 Nasidiene,
1030 3214 1097 3274 tibi.

794 3348 861 3411 LV·

390 3454 477 3517 Nulli
492 3474 634 3533 munera,
656 3457 807 3534 Chreste,
830 3458 856 3516 si
870 3456 1021 3537 remittis,

390 3540 457 3601 Nec
471 3540 561 3598 uobis
576 3537 701 3600 dederis
715 3540 952 3617 remiserirque:

391 3623 525 3684 Credam
539 3630 572 3683 te
587 3625 660 3685 satis
677 3643 745 3684 esse
759 3620 932 3685 liberalem.

390 3708 455 3771 sea
470 3710 497 3768 a
511 3707 618 3769 ream
633 3710 742 3792 apoto
756 3707 906 3790 Lur⁰u¹¹0
995 3746 997 3750 ·
1075 3788 1139 3853 11*
