3434 4575
426 456 467 518 26
737 463 794 516 b.
818 464 888 516 ion.
913 463 1100 517 tuvnbubts

425 609 542 673 Instruit
564 626 638 689 ergo
660 610 757 672 tooum
780 610 947 691 provincia:
971 611 1092 673 sumitur
1112 611 1193 674 illino

426 695 512 771 Quod
535 693 1036 773 000101010001100000,Αο10110
1060 697 1176 759 vendat.
1202 706 1206 711 “

426 781 542 840 Virroni
563 799 700 843 muraena
723 781 824 857 datur,
851 798 928 862 quae
950 783 1072 844 maxima
1094 785 1174 843 venit

425 865 545 944 Gurgite
568 865 605 926 de
627 866 743 932 Sioulo:
768 884 831 928 narn
855 866 921 925 dum
945 885 978 927 se
1001 869 1131 928 continet
1155 867 1275 945 Auster,
1377 878 1424 934 100

424 948 498 1009 Dum
523 950 608 1011 sedet
631 960 661 1010 et
683 952 775 1012 010001
796 950 926 1010 madidas
949 953 976 1009 in
1000 970 1122 1012 0010010
1146 953 1258 1031 pinnas,

425 1031 618 1095 Contemnunt
640 1036 764 1096 mediam
784 1036 939 1095 temeraria
964 1036 1020 1096 lina
1043 1034 1234 1113 Charybdim:

426 1119 488 1179 Vos
509 1119 636 1197 anguilla
659 1130 756 1180 manet
778 1120 885 1197 longae
908 1129 1033 1198 cognata
1057 1121 1209 1196 colubrae,

426 1204 482 1264 Aut
505 1203 603 1281 glacie
624 1223 764 1284 aspersus
788 1203 911 1264 10000110
933 1202 1088 1265 Tiberinus
1111 1208 1227 1285 etipse

425 1289 554 1349 Vernula
576 1291 718 1367 riparum,
744 1289 859 1368 pinguis
888 1298 1020 1349 torrente
1044 1289 1145 1351 oloaoa
1376 1300 1424 1355 lob

427 1373 462 1434 lit
484 1372 589 1433 solitus
611 1372 726 1434 mediae
752 1382 884 1452 cryptam
907 1383 1065 1452 penetrare
1091 1375 1234 1435 Suburae.

468 1456 527 1536 lpsi
553 1475 646 1536 pauoa
666 1457 771 1534 velim,
795 1457 914 1519 iaoilem
937 1459 962 1518 01
984 1458 1127 1536 praebeat
1149 1477 1264 1519 aurem:

424 1540 516 1603 Nemo
541 1543 628 1620 petit,
652 1541 774 1602 modieis
799 1560 874 1623 quae
898 1542 1086 1604 mittebantur
1107 1544 1207 1604 0101010

425 1626 607 1702 bSeneoa,
631 1644 707 1706 quae
731 1626 799 1686 Piso
822 1627 932 1704 bonus,
957 1645 1033 1709 quae
1058 1625 1144 1688 Cotta
1169 1626 1287 1689 solebat

425 1711 551 1790 largiri:
578 1728 703 1790 natuque
727 1721 757 1772 et
778 1712 869 1773 titulis
891 1722 922 1772 et
943 1712 1073 1774 iasoibus
1097 1712 1165 1773 olim
1373 1723 1425 1778 110

424 1795 517 1857 110101
539 1795 702 1856 habebatur
723 1794 848 1858 donandi
874 1796 985 1876 gloria:
1009 1796 1104 1858 solum

425 1880 591 1957 Posuimus,
615 1889 645 1941 01
668 1897 779 1942 000000
803 1881 943 1949 011111101;
990 1881 1048 1942 boo
1070 1882 1137 1943 iaee
1160 1891 1190 1942 et
1214 1889 1290 1957 esto,
1332 1906 1337 1913 ·

424 1963 512 2042 Esto,
537 1973 568 2026 ut
589 1984 666 2026 nuno
686 1965 784 2042 multi,
809 1965 892 2027 dives
914 1964 982 2042 tibi,
1006 1984 1120 2045 pauper
1144 1964 1261 2026 amieis!

467 2050 589 2110 Anseris
614 2060 681 2111 ante
705 2051 798 2129 ipsum
819 2052 916 2129 magui
939 2050 1037 2126 ieour,
1062 2050 1214 2110 anseribus
1238 2066 1292 2128 par

426 2134 523 2195 Altilis
547 2144 576 2194 et
597 2134 665 2196 dari
687 2134 791 2213 diguus
813 2134 894 2195 ierro
917 2133 1060 2213 Meleagri
1374 2146 1422 2198 115

426 2218 525 2280 Fumat
545 2236 633 2299 aper;
658 2229 726 2298 post
749 2218 826 2280 buno
848 2219 999 2279 tradentur
1022 2218 1142 2296 tubera,
1164 2220 1190 2278 si
1212 2235 1265 2278 rer

426 2303 507 2365 Tune
529 2306 586 2365 erit
621 2312 652 2365 et
681 2304 790 2365 1001001
811 2312 911 2383 optata
934 2304 1058 2365 tonitrua
1084 2321 1194 2364 000000

424 2387 562 2450 Maiores.
607 2387 673 2450 'libi
695 2387 772 2450 habe
795 2387 985 2465 frumentum,
1010 2387 1144 2449 Alledius
1167 2389 1269 2467 inquit,
1359 2464 1361 2467 Α

425 2471 575 2549 011110
599 2472 733 2552 disiunge
756 2471 870 2547 boves,
894 2472 960 2533 dum
983 2471 1086 2534 tubera
1110 2472 1276 2534 mittari—

424 2559 605 2619 Struotorem
630 2560 759 2634 interea,
782 2576 898 2638 nequa
923 2557 1081 2636 indignatio
1104 2558 1190 2634 desit,
1374 2567 1422 2620 110

424 2641 583 2704 saltantem
605 2652 725 2721 speotes
746 2653 775 2703 et
796 2642 1015 2703 chironomunta
1038 2643 1147 2703 volanti

425 2723 575 2804 Oultello,
601 2726 698 2787 donee
721 2737 844 2807 peragat
867 2728 974 2789 dietata
996 2728 1127 2806 magistri

424 2810 541 2878 Omnia:
563 2830 619 2872 000
641 2813 758 2872 minimo
781 2831 853 2873 sane
875 2812 1041 2873 discrimine
1063 2811 1165 2886 101011,

423 2894 490 2971 Quo
509 2906 596 2975 gestu
619 2897 741 2976 lepores
764 2907 794 2958 et
816 2914 874 2977 quo
897 2896 1006 2976 gallina
1028 2906 1156 2957 0000101.

423 2980 549 3042 Duceris
571 2981 687 3061 planta,
708 2981 791 3042 volut
813 2983 889 3042 10100
912 2981 949 3041 ab
968 2980 1096 3042 Hercule
1121 2978 1228 3056 Gaous,
1372 2991 1422 3045 lto

423 3064 461 3126 lit
482 3082 595 3146 ponere
617 3066 706 3142 ioris,
735 3068 759 3126 si
781 3066 849 3147 quid
875 3067 1064 3146 temptaveris
1089 3083 1221 3144 umquam

422 3148 561 3225 llisoere,
584 3161 728 3231 tamquam
749 3149 861 3212 babeas
884 3151 939 3211 tria
960 3153 1083 3211 nomina.
1130 3147 1251 3224 Quando
1275 3150 1410 3229 propinat

423 3234 509 3295 Virro
532 3236 583 3296 tibi
609 3236 732 3295 sumitve
755 3237 811 3296 tuis
836 3244 970 3297 oontaota
991 3235 1108 3296 labellis

425 3316 554 3381 l’ooulal
578 3322 643 3399 quis
664 3329 793 3380 vestrum
817 3321 991 3381 temerarius
1013 3319 1221 3400 usqueadeo,
1244 3320 1309 3398 quis

423 3403 574 3479 Perditus,
599 3414 630 3465 ut
652 3403 729 3464 dieat
752 3406 833 3484 regi:
856 3402 948 3465 hibet
992 3404 1116 3465 Plurima
1137 3413 1218 3481 sunt,
1243 3421 1319 3483 quae
1370 3414 1420 3468 130

423 3487 488 3549 Non
510 3489 618 3550 audent
640 3487 774 3550 homines
796 3499 915 3568 pertusa
938 3490 1039 3549 dicere
1062 3490 1163 3556 10000;

423 3571 641 3652 Quadringenta
662 3573 713 3633 tibi
735 3575 761 3633 01
785 3575 850 3653 quis
873 3573 945 3634 deus
968 3582 1017 3634 aut
1038 3572 1140 3633 similis
1161 3571 1205 3632 dis

424 3655 461 3716 Et
483 3658 588 3718 melior
612 3658 678 3718 latis
700 3656 824 3718 donaret
842 3657 1013 3734 homuncio,
1042 3665 1166 3738 quantus

423 3739 468 3800 lix
492 3741 600 3818 nihilo,
625 3751 748 3822 quantus
773 3743 861 3803 lieres
883 3741 1018 3802 Virronis
1042 3740 1167 3804 amicus!

424 3824 467 3886 Da
489 3824 613 3887 Trebio!
636 3843 715 3902 pone
736 3827 773 3888 ad
795 3825 946 3889 Trebium!
968 3826 1014 3886 ris
1035 3826 1127 3888 irater
1145 3826 1182 3887 ab
1203 3826 1275 3906 ipsis
1372 3836 1419 3888 110
