3434 4575
323 448 367 510 50
654 444 699 507 M.
715 444 809 506 VAL.
825 443 1052 505 MARTIALIS

411 599 460 660 'l'e
473 596 718 659 Lacedaemonio
732 597 816 657 velat
830 603 901 674 toga
915 596 981 656 lota
996 594 1130 657 Galaeso

451 682 513 746 Vel
530 702 621 763 quam
636 683 773 761 seposito
790 679 829 739 de
844 698 940 759 grege
954 682 1064 740 Parma
1080 679 1188 760 dedit,

387 769 454 830 ant
468 785 516 826 me
532 786 610 847 quae
624 785 713 845 passa
727 770 776 824 est
789 765 886 824 furias
902 770 936 824 et
950 783 1064 824 cornua
1077 767 1178 843 tauri,

450 849 596 911 Noluerit
611 849 673 910 dici
689 868 778 929 quam
792 847 857 928 pila
870 850 970 928 prima
984 867 1077 908 suam.

409 934 500 996 Misit
514 936 694 1013 Agenoreas
708 932 817 993 cadmi
831 933 891 992 tibi
905 938 991 991 terra
1005 929 1167 993 lacernas:

451 1019 521 1078 Non
536 1018 651 1078 vendes
667 1017 797 1076 nummis
814 1017 940 1075 coccina
953 1022 1060 1075 nostra
1073 1018 1187 1081 tribus.

410 1102 460 1162 Tu
475 1101 608 1180 Libycos
622 1100 705 1159 Indis
721 1098 885 1178 suspendis
901 1098 1045 1159 dontibus
1061 1101 1172 1160 orbes:

368 1197 402 1247 10
449 1185 593 1245 Fulcitur
607 1190 689 1243 testa
703 1184 806 1261 fagina
820 1200 926 1241 mensa
941 1184 1027 1242 mihi.

409 1267 567 1329 Immodici
582 1268 641 1326 tibi
655 1268 733 1327 flava
747 1272 856 1344 tegunt
872 1264 1081 1345 chrysendeta
1094 1264 1201 1327 mulli:
1294 1319 1298 1326 .

452 1349 610 1412 concolor
623 1351 657 1408 in
672 1357 797 1427 nostra,
818 1368 987 1428 cammaro,
1008 1349 1099 1409 lance
1113 1352 1218 1415 rubes.

411 1437 496 1496 Grex
510 1441 581 1495 ιιιιιι
596 1431 689 1493 lliaco
703 1439 829 1513 poterat
844 1440 967 1493 certare
984 1430 1129 1512 cinaedo,

452 1519 495 1576 At
509 1518 585 1577 mibi
600 1518 754 1576 succurrit
767 1535 826 1596 pro
842 1516 1022 1596 Ganymede
1038 1537 1153 1579 manus.

368 1603 455 1664 lex
470 1602 579 1681 opibus
593 1601 688 1659 tantis
703 1602 803 1661 veteri
817 1600 943 1679 fidoque
959 1599 1057 1661 sodali

417 1747 420 1752 ,
450 1685 512 1745 lias
526 1682 606 1745 nihil
620 1691 653 1744 et
667 1682 760 1763 dicis,
784 1683 940 1763 Candide,
962 1676 1059 1746 κοινὰ
1074 1683 1208 1762 ptimo?

797 1817 906 1881 XLIV.

407 1929 477 1991 Emi
492 1949 548 1990 seu
562 1949 693 2011 puerum
707 1937 847 2010 togamve
862 1948 972 2010 pexam

408 2014 472 2073 Seu
486 2016 562 2092 tris,
582 2021 617 2074 ut
629 2021 720 2095 puta,
742 2020 926 2092 quattuorve
940 2011 1053 2090 libras,

409 2097 520 2157 Sextus
535 2099 678 2178 protinus
693 2095 749 2157 ille
763 2098 941 2173 fenerator,

410 2182 508 2256 Quem
523 2183 622 2240 nostis
636 2186 776 2240 veterem
791 2199 893 2239 meum
909 2179 1063 2257 sodalem,

387 2264 455 2327 5Ne
473 2263 547 2343 quid
561 2264 645 2324 forte
659 2270 764 2345 petam
778 2265 870 2324 timet
884 2271 1050 2345 caretque,
1089 2283 1091 2287 ’

407 2349 450 2408 Ει
464 2367 582 2425 secum,
605 2347 662 2407 sed
676 2355 711 2408 ut
726 2346 865 2427 audiam,
884 2355 1041 2409 susurrat:

408 2430 559 2511 „Septem
573 2431 657 2491 milia
673 2430 773 2492 debeo
790 2431 951 2509 Secundo,

407 2514 535 2575 Phoebo
552 2521 714 2594 quattuor,
735 2516 879 2575 undecim
893 2515 1035 2594 Phileto,

407 2599 450 2658 Et
466 2598 619 2677 quadrans
633 2601 709 2660 milri
723 2597 826 2659 nullus
842 2604 891 2659 est
906 2601 938 2659 in
954 2598 1058 2662 arca.“

365 2682 434 2745 100
450 2681 566 2759 grande
580 2685 737 2763 ingenium
751 2686 813 2743 mei
828 2681 959 2743 sodalis!

407 2765 525 2826 Durum
540 2773 605 2846 est,
627 2768 739 2847 Sexte,
760 2786 892 2847 negare,
915 2787 982 2826 curn
998 2766 1133 2845 rogaris,

408 2850 528 2925 Quanto
544 2851 667 2930 durius,
690 2858 852 2930 antequam
866 2850 1002 2929 rogeris!

794 2984 889 3047 XLV.

408 3096 492 3171 Quae
507 3095 566 3155 tibi
580 3111 642 3152 non
658 3094 759 3153 stabat
771 3096 913 3174 praecisa
927 3099 975 3153 est
991 3093 1144 3174 mentula,
1168 3094 1298 3178 Glypte.

448 3178 600 3256 Demens,
621 3197 688 3237 curn
703 3177 789 3236 ferro
806 3175 882 3255 quid
896 3177 977 3237 tibi?
1004 3177 1112 3239 Gallus
1128 3198 1207 3243 eras.

793 3309 900 3372 XLVI.

404 3420 533 3482 Florida
547 3439 605 3501 per
619 3423 718 3481 varios
733 3428 767 3482 ut
780 3422 919 3501 pingitur
933 3420 1038 3500 Hybla
1053 3424 1193 3504 colores,

449 3507 525 3567 Cum
539 3507 635 3566 breve
651 3506 791 3565 Sicaniae
805 3523 860 3564 ver
874 3504 1062 3586 populantur
1077 3527 1169 3588 apes,

405 3589 458 3650 Sic
472 3596 524 3650 tua
539 3590 706 3670 suppositis
722 3589 879 3649 collucent
893 3588 1003 3670 praela
1014 3589 1167 3670 lacernis,

448 3673 499 3734 Sic
514 3676 608 3736 micat
619 3674 789 3735 innumeris
804 3672 911 3735 meula
924 3675 1138 3754 synthesibus,
