3434 4575
506 473 844 564 unicornuu'rou
857 475 932 536 uun.
948 475 1027 540 vin.
1227 475 1290 545 179

375 627 409 685 ln
425 646 485 705 qua
500 644 558 685 nec
573 627 689 686 Boreas
702 626 770 704 ipse
786 642 912 704 mamere
926 625 1009 686 velit.

332 709 385 770 Sic
399 710 540 769 habitare
554 711 642 769 iubes
658 719 794 768 ueterem
811 708 947 769 crudelis
962 712 1111 771 amicum?

375 794 505 853 Arboris
519 811 594 872 ergo
610 800 680 853 tuae
694 795 791 853 tutior
807 794 921 874 hospes
936 811 1000 854 ero.

732 927 800 988 XV.

331 1042 411 1100 Dum
424 1059 501 1099 noua
515 1039 685 1099 Pannonici
698 1045 878 1099 numeratur
892 1037 990 1117 gloria
1005 1039 1081 1104 belli

376 1124 482 1185 Omnis
498 1129 531 1182 et
547 1121 586 1182 ad
600 1122 758 1183 Reducem
774 1122 846 1183 dum
859 1123 930 1183 litat
944 1143 996 1183 ara
1009 1125 1126 1206 Iovem,

331 1209 392 1267 Dat
408 1205 557 1287 populus,
580 1206 634 1266 dat
644 1213 749 1286 gratus
764 1225 877 1285 eques,
900 1205 953 1267 dat
967 1214 1036 1269 tura
1052 1219 1176 1273 senatus

372 1293 415 1352 Et
429 1290 529 1351 ditant
542 1291 646 1350 Latias
661 1293 755 1352 tertia
770 1289 849 1352 dona
864 1292 978 1352 tribus:

309 1376 403 1437 6Hos
418 1392 540 1454 quoqne
556 1382 695 1435 secretos
707 1375 892 1435 memorabit
904 1375 1000 1436 Roma
1013 1379 1204 1463 triumphos,

373 1459 439 1519 Nec
456 1460 558 1518 minor
570 1460 630 1519 ista
644 1466 715 1519 tnae
730 1457 838 1519 laurea
850 1459 936 1540 pacis
951 1461 1028 1541 erit,

296 1610 298 1614 ¹
332 1542 423 1620 Quod
437 1543 496 1602 tihi
508 1542 547 1602 de
564 1547 669 1603 sancta
683 1543 786 1604 credis
799 1543 918 1624 pietate
932 1548 1063 1608 tuorum.

375 1626 530 1707 Principis
546 1633 594 1686 est
610 1627 708 1687 virtus
722 1629 866 1706 maxima,
886 1646 978 1688 nosse
994 1650 1074 1691 snos.

595 1808 600 1819 .
726 1761 807 1822 XVI.

332 1873 436 1933 Pistor
451 1871 504 1951 qui
518 1871 622 1933 fueras
637 1871 706 1951 diu,
730 1873 870 1952 (ἔγρετο,

331 1957 445 2018 Causas
461 1973 543 2015 nnnc
558 1958 623 2035 agis
639 1964 672 2018 et
687 1956 806 2016 ducena
821 1956 959 2034 qnaeris:
1026 1980 1030 1988 ·

332 2040 396 2101 Sed
414 2041 566 2100 consumis
581 2047 614 2100 et
627 2059 725 2121 usque
739 2040 896 2101 mutuaris.

330 2126 359 2184 Δ
373 2125 508 2204 pistore,
531 2124 670 2205 cypero,
692 2145 755 2185 uon
768 2123 907 2184 recedis:

308 2208 374 2270 ont
388 2225 500 2289 panem
516 2208 593 2269 facis
607 2215 640 2269 et
654 2210 731 2270 iacis
744 2209 883 2269 farinam.

718 2359 813 2422 XVII.

330 2470 407 2549 Egi,
429 2470 542 2548 Sexte,
565 2476 664 2549 tuam,
685 2478 793 2552 pactus
809 2472 984 2552 duomilia,
1007 2492 1135 2535 cansam.

374 2554 491 2614 Misisti
506 2573 645 2613 nummos
661 2553 743 2633 qnod
760 2556 837 2615 mihi
851 2555 957 2635 mille,
977 2555 1051 2636 qnid
1065 2554 1139 2617 esti

331 2637 493 2716 „Narranti
506 2635 608 2697 nihil“
628 2638 732 2717 inquis
748 2645 882 2715 „etate
897 2638 1021 2721 perdita
1035 2658 1124 2701 cansa
1140 2640 1222 2702 est.“

375 2720 476 2781 Tanto
491 2719 561 2801 plus
578 2719 690 2800 debes,
713 2720 824 2803 Sexte,
846 2723 930 2802 quod
945 2724 1064 2785 erubui

718 2855 826 2920 xvln.

333 2967 367 3028 Si
383 2974 451 3048 tua,
472 2968 603 3049 Cyreni,
624 2989 748 3049 promas
763 2972 982 3052 epigrammata
995 2968 1102 3051 volgo,

372 3052 432 3114 Vel
446 3071 566 3113 mecum
578 3054 696 3134 possis,
718 3051 768 3115 vel
781 3056 869 3136 prior
883 3058 951 3136 ipse
965 3053 1043 3134 legi,

332 3134 395 3196 Sed
412 3138 469 3197 tibi
484 3143 587 3198 tantus
600 3138 684 3197 inest
696 3140 813 3199 veteris
826 3146 990 3221 respectus
1005 3139 1110 3215 amici,

375 3220 484 3281 Carior
497 3227 533 3281 nt
547 3238 616 3282 mea
630 3223 688 3300 sit,
711 3243 801 3302 qnam
815 3230 868 3283 tna
881 3224 962 3283 fama
975 3224 1042 3282 tibi.
1128 3251 1135 3264 ·

307 3304 381 3364 asic
397 3304 487 3364 Maro
501 3323 560 3364 nec
575 3304 698 3365 Calabri
712 3308 875 3387 temptavit
888 3307 1022 3365 carmina
1033 3301 1156 3381 Flacci,

373 3386 554 3447 Pindaricos
568 3393 676 3446 nosset
689 3409 758 3448 cum
771 3406 920 3467 superare
935 3387 1060 3464 modos,

329 3470 371 3530 Et
385 3469 479 3531 Vario
496 3471 591 3529 cessit
602 3470 733 3530 Romani
746 3470 840 3531 laude
855 3472 1015 3549 cothurni,

373 3552 450 3612 (inm
464 3558 576 3633 posset
585 3555 703 3632 tragico
718 3554 831 3614 fortius
845 3572 901 3614 ore
914 3551 1011 3633 loqui.

331 3637 447 3696 Aurum
464 3643 497 3697 et
510 3655 586 3717 opes
600 3643 634 3696 et
647 3657 719 3697 rura
733 3638 883 3718 frequens
899 3637 1026 3699 donabit
1039 3638 1168 3698 amicus:

287 3732 322 3785 1⁰
371 3721 430 3799 Qui
447 3721 524 3782 velit
538 3722 662 3817 ingenio
679 3721 813 3803 cedere,
834 3742 922 3784 rarus
937 3723 1078 3870 eritw
