<?xml version="1.0" encoding="UTF-8"?>
<!DOCTYPE html PUBLIC "-//W3C//DTD XHTML 1.0 Transitional//EN"
    "http://www.w3.org/TR/xhtml1/DTD/xhtml1-transitional.dtd">
<html xmlns="http://www.w3.org/1999/xhtml" xml:lang="en" lang="en">
 <head>
  <title>
</title>
<meta http-equiv="Content-Type" content="text/html;charset=utf-8" />
  <meta name='ocr-system' content='tesseract 3.04.00' />
  <meta name='ocr-capabilities' content='ocr_page ocr_carea ocr_par ocr_line ocrx_word'/>
</head>
<body>
  <div class='ocr_page' id='page_1' title='image "./satirarumlibriq00juvegoog_0142.png"; bbox 0 0 3434 4575; ppageno 0'>
   <div class='ocr_carea' id='block_1_1' title="bbox 553 1185 1260 1258">
    <p class='ocr_par' dir='ltr' id='par_1_1' title="bbox 553 1185 1260 1258">
     <span class='ocr_line' id='line_1_1' title="bbox 553 1185 1260 1258; baseline -0.006 0"><span class='ocrx_word' id='word_1_1' title='bbox 553 1187 942 1258; x_wconf 81' lang='lat' dir='ltr'><strong>SULPIOIAE</strong></span> <span class='ocrx_word' id='word_1_2' title='bbox 986 1185 1260 1254; x_wconf 68' lang='lat' dir='ltr'><strong>stultia.</strong></span> 
     </span>
    </p>
   </div>
   <div class='ocr_carea' id='block_1_2' title="bbox 834 1369 987 1378">
    <p class='ocr_par' dir='ltr' id='par_1_2' title="bbox 834 1369 987 1378">
     <span class='ocr_line' id='line_1_2' title="bbox 834 1369 987 1378; baseline 0 0"><span class='ocrx_word' id='word_1_3' title='bbox 834 1369 987 1378; x_wconf 55' lang='lat'><em>-..-⁴--—-—</em></span> 
     </span>
    </p>
   </div>
   <div class='ocr_carea' id='block_1_3' title="bbox 337 1528 1405 3707">
    <p class='ocr_par' dir='ltr' id='par_1_3' title="bbox 408 1528 1403 2451">
     <span class='ocr_line' id='line_1_3' title="bbox 409 1528 1235 1612; baseline -0.008 -19"><span class='ocrx_word' id='word_1_4' title='bbox 409 1531 508 1607; x_wconf 82' lang='lat' dir='ltr'><strong>llusa,</strong></span> <span class='ocrx_word' id='word_1_5' title='bbox 525 1531 629 1612; x_wconf 91' lang='lat' dir='ltr'><strong>quibus</strong></span> <span class='ocrx_word' id='word_1_6' title='bbox 644 1535 769 1591; x_wconf 90' lang='lat' dir='ltr'><strong>numeris</strong></span> <span class='ocrx_word' id='word_1_7' title='bbox 786 1532 893 1591; x_wconf 85' lang='lat' dir='ltr'><strong>heroas</strong></span> <span class='ocrx_word' id='word_1_8' title='bbox 910 1539 938 1589; x_wconf 92' lang='lat' dir='ltr'><strong>et</strong></span> <span class='ocrx_word' id='word_1_9' title='bbox 956 1543 1033 1591; x_wconf 85' lang='lat' dir='ltr'><strong>arma</strong></span> <span class='ocrx_word' id='word_1_10' title='bbox 1050 1528 1235 1607; x_wconf 76' lang='lat' dir='ltr'><strong>frequentas,</strong></span> 
     </span>
     <span class='ocr_line' id='line_1_4' title="bbox 408 1614 1083 1694; baseline -0.009 -17"><span class='ocrx_word' id='word_1_11' title='bbox 408 1615 559 1677; x_wconf 79' lang='lat' dir='ltr'><strong>Fabellam</strong></span> <span class='ocrx_word' id='word_1_12' title='bbox 577 1617 712 1694; x_wconf 81' lang='lat' dir='ltr'><strong>permitte</strong></span> <span class='ocrx_word' id='word_1_13' title='bbox 728 1614 795 1676; x_wconf 90' lang='lat' dir='ltr'><strong>mibi</strong></span> <span class='ocrx_word' id='word_1_14' title='bbox 811 1614 953 1675; x_wconf 83' lang='lat' dir='ltr'><strong>detexere</strong></span> <span class='ocrx_word' id='word_1_15' title='bbox 972 1614 1083 1691; x_wconf 87' lang='lat' dir='ltr'><strong>paucis.</strong></span> 
     </span>
     <span class='ocr_line' id='line_1_5' title="bbox 408 1697 1152 1780; baseline -0.008 -19"><span class='ocrx_word' id='word_1_16' title='bbox 408 1699 481 1761; x_wconf 83' lang='lat' dir='ltr'><strong>Nanr</strong></span> <span class='ocrx_word' id='word_1_17' title='bbox 497 1699 547 1760; x_wconf 92' lang='lat' dir='ltr'><strong>tibi</strong></span> <span class='ocrx_word' id='word_1_18' title='bbox 564 1701 694 1775; x_wconf 88' lang='lat' dir='ltr'><strong>secessi,</strong></span> <span class='ocrx_word' id='word_1_19' title='bbox 711 1709 806 1761; x_wconf 89' lang='lat' dir='ltr'><strong>tecum</strong></span> <span class='ocrx_word' id='word_1_20' title='bbox 823 1697 976 1780; x_wconf 88' lang='lat' dir='ltr'><strong>penetrale</strong></span> <span class='ocrx_word' id='word_1_21' title='bbox 992 1707 1152 1758; x_wconf 87' lang='lat' dir='ltr'><strong>retractans</strong></span> 
     </span>
     <span class='ocr_line' id='line_1_6' title="bbox 410 1781 1180 1863; baseline -0.005 -18"><span class='ocrx_word' id='word_1_22' title='bbox 410 1782 585 1851; x_wconf 76' lang='lat' dir='ltr'><strong>Consilium:</strong></span> <span class='ocrx_word' id='word_1_23' title='bbox 611 1803 703 1863; x_wconf 91' lang='lat' dir='ltr'><strong>quare</strong></span> <span class='ocrx_word' id='word_1_24' title='bbox 718 1803 774 1846; x_wconf 89' lang='lat' dir='ltr'><strong>nec</strong></span> <span class='ocrx_word' id='word_1_25' title='bbox 790 1785 917 1845; x_wconf 83' lang='lat' dir='ltr'><strong>carmine</strong></span> <span class='ocrx_word' id='word_1_26' title='bbox 933 1799 1019 1843; x_wconf 89' lang='lat' dir='ltr'><strong>curro</strong></span> <span class='ocrx_word' id='word_1_27' title='bbox 1035 1781 1180 1842; x_wconf 81' lang='lat' dir='ltr'><strong>Phalaeco</strong></span> 
     </span>
     <span class='ocr_line' id='line_1_7' title="bbox 410 1866 1217 1948; baseline -0.005 -19"><span class='ocrx_word' id='word_1_28' title='bbox 410 1867 474 1930; x_wconf 88' lang='lat' dir='ltr'><strong>Nec</strong></span> <span class='ocrx_word' id='word_1_29' title='bbox 492 1871 623 1929; x_wconf 84' lang='lat' dir='ltr'><strong>trimetro</strong></span> <span class='ocrx_word' id='word_1_30' title='bbox 640 1869 735 1929; x_wconf 91' lang='lat' dir='ltr'><strong>iambo</strong></span> <span class='ocrx_word' id='word_1_31' title='bbox 752 1888 808 1929; x_wconf 92' lang='lat' dir='ltr'><strong>nec</strong></span> <span class='ocrx_word' id='word_1_32' title='bbox 827 1871 875 1948; x_wconf 90' lang='lat' dir='ltr'><strong>qui</strong></span> <span class='ocrx_word' id='word_1_33' title='bbox 892 1867 970 1948; x_wconf 89' lang='lat' dir='ltr'><strong>pede</strong></span> <span class='ocrx_word' id='word_1_34' title='bbox 987 1866 1096 1926; x_wconf 83' lang='lat' dir='ltr'><strong>iractns</strong></span> <span class='ocrx_word' id='word_1_35' title='bbox 1113 1866 1217 1926; x_wconf 91' lang='lat' dir='ltr'><strong>eodem</strong></span> 
     </span>
     <span class='ocr_line' id='line_1_8' title="bbox 409 1951 1059 2014; baseline -0.008 -1"><span class='ocrx_word' id='word_1_36' title='bbox 409 1952 537 2013; x_wconf 83' lang='lat' dir='ltr'><strong>Fortiter</strong></span> <span class='ocrx_word' id='word_1_37' title='bbox 554 1955 641 2013; x_wconf 81' lang='lat' dir='ltr'><strong>irasci</strong></span> <span class='ocrx_word' id='word_1_38' title='bbox 656 1954 755 2014; x_wconf 87' lang='lat' dir='ltr'><strong>didicit</strong></span> <span class='ocrx_word' id='word_1_39' title='bbox 771 1954 845 2013; x_wconf 87' lang='lat' dir='ltr'><strong>duce</strong></span> <span class='ocrx_word' id='word_1_40' title='bbox 862 1951 1059 2013; x_wconf 84' lang='lat' dir='ltr'><strong>Clazomenio.</strong></span> 
     </span>
     <span class='ocr_line' id='line_1_9' title="bbox 410 2035 1124 2116; baseline -0.004 -20"><span class='ocrx_word' id='word_1_41' title='bbox 410 2035 516 2097; x_wconf 84' lang='lat' dir='ltr'><strong>Getera</strong></span> <span class='ocrx_word' id='word_1_42' title='bbox 534 2039 600 2116; x_wconf 91' lang='lat' dir='ltr'><strong>quin</strong></span> <span class='ocrx_word' id='word_1_43' title='bbox 619 2039 719 2112; x_wconf 88' lang='lat' dir='ltr'><strong>etiam,</strong></span> <span class='ocrx_word' id='word_1_44' title='bbox 737 2047 808 2116; x_wconf 85' lang='lat' dir='ltr'><strong>quot</strong></span> <span class='ocrx_word' id='word_1_45' title='bbox 823 2037 949 2114; x_wconf 90' lang='lat' dir='ltr'><strong>denique</strong></span> <span class='ocrx_word' id='word_1_46' title='bbox 965 2036 1042 2097; x_wconf 89' lang='lat' dir='ltr'><strong>milia</strong></span> <span class='ocrx_word' id='word_1_47' title='bbox 1070 2036 1124 2095; x_wconf 90' lang='lat' dir='ltr'><strong>lusi</strong></span> 
     </span>
     <span class='ocr_line' id='line_1_10' title="bbox 411 2117 1134 2199; baseline -0.007 -17"><span class='ocrx_word' id='word_1_48' title='bbox 411 2121 564 2199; x_wconf 88' lang='lat' dir='ltr'><strong>Primaque</strong></span> <span class='ocrx_word' id='word_1_49' title='bbox 577 2121 724 2181; x_wconf 86' lang='lat' dir='ltr'><strong>Romanas</strong></span> <span class='ocrx_word' id='word_1_50' title='bbox 739 2122 825 2181; x_wconf 88' lang='lat' dir='ltr'><strong>docui</strong></span> <span class='ocrx_word' id='word_1_51' title='bbox 841 2121 1022 2181; x_wconf 88' lang='lat' dir='ltr'><strong>contendere</strong></span> <span class='ocrx_word' id='word_1_52' title='bbox 1041 2117 1134 2179; x_wconf 83' lang='lat' dir='ltr'><strong>Graiis</strong></span> 
     </span>
     <span class='ocr_line' id='line_1_11' title="bbox 410 2204 1363 2280; baseline -0.003 -15"><span class='ocrx_word' id='word_1_53' title='bbox 410 2204 447 2266; x_wconf 82' lang='lat' dir='ltr'><strong>Et</strong></span> <span class='ocrx_word' id='word_1_54' title='bbox 463 2204 571 2264; x_wconf 90' lang='lat' dir='ltr'><strong>salibus</strong></span> <span class='ocrx_word' id='word_1_55' title='bbox 586 2207 701 2266; x_wconf 83' lang='lat' dir='ltr'><strong>variare</strong></span> <span class='ocrx_word' id='word_1_56' title='bbox 716 2207 817 2280; x_wconf 87' lang='lat' dir='ltr'><strong>novis,</strong></span> <span class='ocrx_word' id='word_1_57' title='bbox 841 2213 1009 2264; x_wconf 84' lang='lat' dir='ltr'><strong>constanter</strong></span> <span class='ocrx_word' id='word_1_58' title='bbox 1025 2204 1140 2279; x_wconf 92' lang='lat' dir='ltr'><strong>omitto,</strong></span> <span class='ocrx_word' id='word_1_59' title='bbox 1362 2273 1363 2276; x_wconf 7' lang='grc' dir='ltr'><strong>Ἴ</strong></span> 
     </span>
     <span class='ocr_line' id='line_1_12' title="bbox 410 2287 1403 2370; baseline 0 -22"><span class='ocrx_word' id='word_1_60' title='bbox 410 2287 522 2367; x_wconf 83' lang='lat' dir='ltr'><strong>Teque,</strong></span> <span class='ocrx_word' id='word_1_61' title='bbox 540 2289 643 2370; x_wconf 91' lang='lat' dir='ltr'><strong>quibus</strong></span> <span class='ocrx_word' id='word_1_62' title='bbox 660 2292 798 2368; x_wconf 88' lang='lat' dir='ltr'><strong>princeps</strong></span> <span class='ocrx_word' id='word_1_63' title='bbox 815 2298 846 2349; x_wconf 87' lang='lat' dir='ltr'><strong>et</strong></span> <span class='ocrx_word' id='word_1_64' title='bbox 863 2287 1068 2349; x_wconf 83' lang='lat' dir='ltr'><strong>iucundissima</strong></span> <span class='ocrx_word' id='word_1_65' title='bbox 1086 2287 1195 2364; x_wconf 87' lang='lat' dir='ltr'><strong>calles,</strong></span> <span class='ocrx_word' id='word_1_66' title='bbox 1371 2299 1403 2349; x_wconf 85' lang='lat' dir='ltr'><strong>to</strong></span> 
     </span>
     <span class='ocr_line' id='line_1_13' title="bbox 413 2372 1302 2451; baseline -0.001 -19"><span class='ocrx_word' id='word_1_67' title='bbox 413 2372 595 2451; x_wconf 75' lang='lat' dir='ltr'><strong>Aggredior:</strong></span> <span class='ocrx_word' id='word_1_68' title='bbox 619 2373 758 2451; x_wconf 89' lang='lat' dir='ltr'><strong>precibus</strong></span> <span class='ocrx_word' id='word_1_69' title='bbox 774 2373 925 2433; x_wconf 88' lang='lat' dir='ltr'><strong>descende</strong></span> <span class='ocrx_word' id='word_1_70' title='bbox 941 2372 1056 2434; x_wconf 90' lang='lat' dir='ltr'><strong>clientis</strong></span> <span class='ocrx_word' id='word_1_71' title='bbox 1075 2380 1104 2431; x_wconf 90' lang='lat' dir='ltr'><strong>et</strong></span> <span class='ocrx_word' id='word_1_72' title='bbox 1119 2374 1193 2433; x_wconf 90' lang='lat' dir='ltr'><strong>audi.</strong></span> <span class='ocrx_word' id='word_1_73' title='bbox 1300 2402 1302 2408; x_wconf 95' lang='lat'><em>·</em></span> 
     </span>
    </p>

    <p class='ocr_par' dir='ltr' id='par_1_4' title="bbox 337 2455 1405 3707">
     <span class='ocr_line' id='line_1_14' title="bbox 451 2455 1397 2536; baseline 0.002 -20"><span class='ocrx_word' id='word_1_74' title='bbox 451 2455 507 2517; x_wconf 91' lang='lat' dir='ltr'><strong>Dic</strong></span> <span class='ocrx_word' id='word_1_75' title='bbox 522 2457 606 2531; x_wconf 86' lang='lat' dir='ltr'><strong>mibi,</strong></span> <span class='ocrx_word' id='word_1_76' title='bbox 624 2455 776 2536; x_wconf 80' lang='lat' dir='ltr'><strong>Calliope,</strong></span> <span class='ocrx_word' id='word_1_77' title='bbox 793 2458 928 2535; x_wconf 84' lang='lat' dir='ltr'><strong>quidnam</strong></span> <span class='ocrx_word' id='word_1_78' title='bbox 943 2465 1027 2535; x_wconf 90' lang='lat' dir='ltr'><strong>pater</strong></span> <span class='ocrx_word' id='word_1_79' title='bbox 1043 2456 1092 2517; x_wconf 90' lang='lat' dir='ltr'><strong>ille</strong></span> <span class='ocrx_word' id='word_1_80' title='bbox 1109 2457 1230 2518; x_wconf 90' lang='lat' dir='ltr'><strong>deorum</strong></span> <span class='ocrx_word' id='word_1_81' title='bbox 1309 2511 1311 2514; x_wconf 89' lang='lat'><em>.</em></span> <span class='ocrx_word' id='word_1_82' title='bbox 1395 2523 1397 2526; x_wconf 78' lang='lat'><em>.</em></span> 
     </span>
     <span class='ocr_line' id='line_1_15' title="bbox 337 2539 1303 2621; baseline -0.002 -20"><span class='ocrx_word' id='word_1_83' title='bbox 337 2579 339 2582; x_wconf 32' lang='lat' dir='ltr'>v</span> <span class='ocrx_word' id='word_1_84' title='bbox 410 2539 550 2619; x_wconf 76' lang='lat' dir='ltr'><strong>Cogitat?</strong></span> <span class='ocrx_word' id='word_1_85' title='bbox 576 2560 612 2602; x_wconf 89' lang='lat' dir='ltr'><strong>an</strong></span> <span class='ocrx_word' id='word_1_86' title='bbox 627 2550 721 2603; x_wconf 91' lang='lat' dir='ltr'><strong>terras</strong></span> <span class='ocrx_word' id='word_1_87' title='bbox 739 2552 771 2606; x_wconf 80' lang='lat' dir='ltr'><strong>et,</strong></span> <span class='ocrx_word' id='word_1_88' title='bbox 786 2544 878 2618; x_wconf 88' lang='lat' dir='ltr'><strong>patria</strong></span> <span class='ocrx_word' id='word_1_89' title='bbox 895 2541 996 2607; x_wconf 86' lang='lat' dir='ltr'><strong>secolo</strong></span> <span class='ocrx_word' id='word_1_90' title='bbox 1012 2549 1118 2615; x_wconf 88' lang='lat' dir='ltr'><strong>mutat,</strong></span> <span class='ocrx_word' id='word_1_91' title='bbox 1192 2593 1193 2597; x_wconf 73' lang='grc'>,</span> <span class='ocrx_word' id='word_1_92' title='bbox 1301 2617 1303 2621; x_wconf 9' lang='lat'>³</span> 
     </span>
     <span class='ocr_line' id='line_1_16' title="bbox 411 2624 1286 2704; baseline -0.001 -21"><span class='ocrx_word' id='word_1_93' title='bbox 411 2624 549 2704; x_wconf 84' lang='lat' dir='ltr'><strong>Quasque</strong></span> <span class='ocrx_word' id='word_1_94' title='bbox 565 2626 646 2685; x_wconf 93' lang='lat' dir='ltr'><strong>dedit</strong></span> <span class='ocrx_word' id='word_1_95' title='bbox 663 2628 824 2704; x_wconf 84' lang='lat' dir='ltr'><strong>quondam,</strong></span> <span class='ocrx_word' id='word_1_96' title='bbox 839 2624 1029 2686; x_wconf 91' lang='lat' dir='ltr'><strong>morientibus</strong></span> <span class='ocrx_word' id='word_1_97' title='bbox 1048 2626 1135 2703; x_wconf 89' lang='lat' dir='ltr'><strong>eripit</strong></span> <span class='ocrx_word' id='word_1_98' title='bbox 1150 2635 1248 2687; x_wconf 83' lang='lat' dir='ltr'><strong>artes.</strong></span> <span class='ocrx_word' id='word_1_99' title='bbox 1284 2677 1286 2682; x_wconf 91' lang='lat'><em>.</em></span> 
     </span>
     <span class='ocr_line' id='line_1_17' title="bbox 408 2707 1405 2787; baseline 0.002 -20"><span class='ocrx_word' id='word_1_100' title='bbox 408 2707 530 2787; x_wconf 88' lang='lat' dir='ltr'><strong>Nosque</strong></span> <span class='ocrx_word' id='word_1_101' title='bbox 547 2708 628 2769; x_wconf 90' lang='lat' dir='ltr'><strong>iubet</strong></span> <span class='ocrx_word' id='word_1_102' title='bbox 643 2712 748 2771; x_wconf 91' lang='lat' dir='ltr'><strong>tacitos</strong></span> <span class='ocrx_word' id='word_1_103' title='bbox 765 2721 794 2771; x_wconf 92' lang='lat' dir='ltr'><strong>et</strong></span> <span class='ocrx_word' id='word_1_104' title='bbox 810 2712 865 2770; x_wconf 89' lang='lat' dir='ltr'><strong>iam</strong></span> <span class='ocrx_word' id='word_1_105' title='bbox 881 2710 1000 2770; x_wconf 91' lang='lat' dir='ltr'><strong>rationis</strong></span> <span class='ocrx_word' id='word_1_106' title='bbox 1017 2727 1129 2787; x_wconf 89' lang='lat' dir='ltr'><strong>egenos</strong></span> <span class='ocrx_word' id='word_1_107' title='bbox 1371 2720 1405 2771; x_wconf 85' lang='lat'><strong>15</strong></span> 
     </span>
     <span class='ocr_line' id='line_1_18' title="bbox 409 2791 1213 2873; baseline 0.004 -22"><span class='ocrx_word' id='word_1_108' title='bbox 409 2791 475 2851; x_wconf 89' lang='lat' dir='ltr'><strong>Nou</strong></span> <span class='ocrx_word' id='word_1_109' title='bbox 493 2792 594 2868; x_wconf 89' lang='lat' dir='ltr'><strong>aliter,</strong></span> <span class='ocrx_word' id='word_1_110' title='bbox 613 2796 706 2871; x_wconf 92' lang='lat' dir='ltr'><strong>primo</strong></span> <span class='ocrx_word' id='word_1_111' title='bbox 722 2813 807 2873; x_wconf 89' lang='lat' dir='ltr'><strong>quam</strong></span> <span class='ocrx_word' id='word_1_112' title='bbox 823 2813 909 2873; x_wconf 90' lang='lat' dir='ltr'><strong>quum</strong></span> <span class='ocrx_word' id='word_1_113' title='bbox 926 2796 1103 2854; x_wconf 83' lang='lat' dir='ltr'><strong>surreximus</strong></span> <span class='ocrx_word' id='word_1_114' title='bbox 1120 2812 1213 2871; x_wconf 90' lang='lat' dir='ltr'><strong>aevo,</strong></span> 
     </span>
     <span class='ocr_line' id='line_1_19' title="bbox 412 2875 1225 2958; baseline 0 -21"><span class='ocrx_word' id='word_1_115' title='bbox 412 2875 570 2937; x_wconf 87' lang='lat' dir='ltr'><strong>Glandibus</strong></span> <span class='ocrx_word' id='word_1_116' title='bbox 587 2888 616 2937; x_wconf 85' lang='lat' dir='ltr'><strong>et</strong></span> <span class='ocrx_word' id='word_1_117' title='bbox 634 2896 725 2956; x_wconf 90' lang='lat' dir='ltr'><strong>purae</strong></span> <span class='ocrx_word' id='word_1_118' title='bbox 741 2899 840 2938; x_wconf 89' lang='lat' dir='ltr'><strong>rursus</strong></span> <span class='ocrx_word' id='word_1_119' title='bbox 857 2877 1050 2958; x_wconf 87' lang='lat' dir='ltr'><strong>procumbere</strong></span> <span class='ocrx_word' id='word_1_120' title='bbox 1067 2876 1225 2958; x_wconf 74' lang='lat' dir='ltr'><strong>lymphae?</strong></span> 
     </span>
     <span class='ocr_line' id='line_1_20' title="bbox 410 2959 1179 3039; baseline 0.005 -20"><span class='ocrx_word' id='word_1_121' title='bbox 410 2960 455 3019; x_wconf 78' lang='lat' dir='ltr'><strong>An</strong></span> <span class='ocrx_word' id='word_1_122' title='bbox 471 2959 600 3039; x_wconf 88' lang='lat' dir='ltr'><strong>reliquas</strong></span> <span class='ocrx_word' id='word_1_123' title='bbox 620 2970 717 3021; x_wconf 90' lang='lat' dir='ltr'><strong>terras</strong></span> <span class='ocrx_word' id='word_1_124' title='bbox 735 2974 890 3022; x_wconf 85' lang='lat' dir='ltr'><strong>conservat</strong></span> <span class='ocrx_word' id='word_1_125' title='bbox 907 2965 1014 3023; x_wconf 86' lang='lat' dir='ltr'><strong>amicus</strong></span> <span class='ocrx_word' id='word_1_126' title='bbox 1032 2973 1062 3022; x_wconf 89' lang='lat' dir='ltr'><strong>et</strong></span> <span class='ocrx_word' id='word_1_127' title='bbox 1076 2962 1179 3039; x_wconf 87' lang='lat' dir='ltr'><strong>urbes,</strong></span> 
     </span>
     <span class='ocr_line' id='line_1_21' title="bbox 411 3044 1265 3123; baseline -0.001 -18"><span class='ocrx_word' id='word_1_128' title='bbox 411 3045 471 3105; x_wconf 92' lang='lat' dir='ltr'><strong>Sed</strong></span> <span class='ocrx_word' id='word_1_129' title='bbox 488 3063 582 3123; x_wconf 89' lang='lat' dir='ltr'><strong>genus</strong></span> <span class='ocrx_word' id='word_1_130' title='bbox 598 3045 757 3105; x_wconf 78' lang='lat' dir='ltr'><strong>Ausonium</strong></span> <span class='ocrx_word' id='word_1_131' title='bbox 774 3046 947 3119; x_wconf 82' lang='lat' dir='ltr'><strong>Romulique</strong></span> <span class='ocrx_word' id='word_1_132' title='bbox 963 3045 1098 3107; x_wconf 83' lang='lat' dir='ltr'><strong>exturbat</strong></span> <span class='ocrx_word' id='word_1_133' title='bbox 1113 3044 1265 3107; x_wconf 78' lang='lat' dir='ltr'><strong>alumnos?</strong></span> 
     </span>
     <span class='ocr_line' id='line_1_22' title="bbox 411 3125 1405 3208; baseline 0.001 -19"><span class='ocrx_word' id='word_1_134' title='bbox 411 3125 508 3202; x_wconf 79' lang='lat' dir='ltr'><strong>Quid?</strong></span> <span class='ocrx_word' id='word_1_135' title='bbox 526 3139 694 3208; x_wconf 89' lang='lat' dir='ltr'><strong>reputemus</strong></span> <span class='ocrx_word' id='word_1_136' title='bbox 711 3132 804 3191; x_wconf 89' lang='lat' dir='ltr'><strong>enim:</strong></span> <span class='ocrx_word' id='word_1_137' title='bbox 823 3130 880 3190; x_wconf 90' lang='lat' dir='ltr'><strong>duo</strong></span> <span class='ocrx_word' id='word_1_138' title='bbox 896 3140 977 3205; x_wconf 91' lang='lat' dir='ltr'><strong>sunt,</strong></span> <span class='ocrx_word' id='word_1_139' title='bbox 994 3129 1097 3207; x_wconf 90' lang='lat' dir='ltr'><strong>quibus</strong></span> <span class='ocrx_word' id='word_1_140' title='bbox 1116 3131 1218 3191; x_wconf 87' lang='lat' dir='ltr'><strong>extulit</strong></span> <span class='ocrx_word' id='word_1_141' title='bbox 1235 3132 1337 3206; x_wconf 90' lang='lat' dir='ltr'><strong>ingens</strong></span> <span class='ocrx_word' id='word_1_142' title='bbox 1370 3141 1405 3192; x_wconf 72' lang='lat'><strong>20</strong></span> 
     </span>
     <span class='ocr_line' id='line_1_23' title="bbox 411 3212 1130 3294; baseline -0.001 -21"><span class='ocrx_word' id='word_1_143' title='bbox 411 3212 503 3273; x_wconf 84' lang='lat' dir='ltr'><strong>Roma</strong></span> <span class='ocrx_word' id='word_1_144' title='bbox 521 3224 624 3294; x_wconf 85' lang='lat' dir='ltr'><strong>caput:</strong></span> <span class='ocrx_word' id='word_1_145' title='bbox 642 3215 734 3273; x_wconf 84' lang='lat' dir='ltr'><strong>virtus</strong></span> <span class='ocrx_word' id='word_1_146' title='bbox 749 3214 820 3275; x_wconf 94' lang='lat' dir='ltr'><strong>belli</strong></span> <span class='ocrx_word' id='word_1_147' title='bbox 837 3225 866 3274; x_wconf 89' lang='lat' dir='ltr'><strong>et</strong></span> <span class='ocrx_word' id='word_1_148' title='bbox 881 3216 1022 3293; x_wconf 86' lang='lat' dir='ltr'><strong>sapientia</strong></span> <span class='ocrx_word' id='word_1_149' title='bbox 1039 3216 1130 3292; x_wconf 87' lang='lat' dir='ltr'><strong>pacis.</strong></span> 
     </span>
     <span class='ocr_line' id='line_1_24' title="bbox 411 3297 1147 3376; baseline -0.001 -19"><span class='ocrx_word' id='word_1_150' title='bbox 411 3297 470 3357; x_wconf 91' lang='lat' dir='ltr'><strong>Sed</strong></span> <span class='ocrx_word' id='word_1_151' title='bbox 486 3299 594 3374; x_wconf 87' lang='lat' dir='ltr'><strong>virtus,</strong></span> <span class='ocrx_word' id='word_1_152' title='bbox 609 3299 717 3376; x_wconf 89' lang='lat' dir='ltr'><strong>agitata</strong></span> <span class='ocrx_word' id='word_1_153' title='bbox 732 3299 809 3359; x_wconf 90' lang='lat' dir='ltr'><strong>dorni</strong></span> <span class='ocrx_word' id='word_1_154' title='bbox 825 3308 854 3357; x_wconf 89' lang='lat' dir='ltr'><strong>et</strong></span> <span class='ocrx_word' id='word_1_155' title='bbox 871 3297 1029 3358; x_wconf 86' lang='lat' dir='ltr'><strong>socialibus</strong></span> <span class='ocrx_word' id='word_1_156' title='bbox 1045 3300 1147 3368; x_wconf 79' lang='lat' dir='ltr'><strong>armis,</strong></span> 
     </span>
     <span class='ocr_line' id='line_1_25' title="bbox 411 3380 1119 3460; baseline 0.003 -20"><span class='ocrx_word' id='word_1_157' title='bbox 411 3380 443 3440; x_wconf 91' lang='lat' dir='ltr'><strong>ln</strong></span> <span class='ocrx_word' id='word_1_158' title='bbox 457 3381 533 3443; x_wconf 88' lang='lat' dir='ltr'><strong>ireta</strong></span> <span class='ocrx_word' id='word_1_159' title='bbox 549 3383 683 3443; x_wconf 84' lang='lat' dir='ltr'><strong>Sicaniae</strong></span> <span class='ocrx_word' id='word_1_160' title='bbox 702 3391 731 3441; x_wconf 90' lang='lat' dir='ltr'><strong>et</strong></span> <span class='ocrx_word' id='word_1_161' title='bbox 750 3381 932 3460; x_wconf 77' lang='lat' dir='ltr'><strong>Carthaginis</strong></span> <span class='ocrx_word' id='word_1_162' title='bbox 949 3383 1019 3442; x_wconf 91' lang='lat' dir='ltr'><strong>exiit</strong></span> <span class='ocrx_word' id='word_1_163' title='bbox 1034 3400 1119 3442; x_wconf 88' lang='lat' dir='ltr'><strong>arces</strong></span> 
     </span>
     <span class='ocr_line' id='line_1_26' title="bbox 413 3462 1242 3547; baseline 0.001 -22"><span class='ocrx_word' id='word_1_164' title='bbox 413 3462 581 3545; x_wconf 77' lang='lat' dir='ltr'><strong>Ceteraque</strong></span> <span class='ocrx_word' id='word_1_165' title='bbox 597 3468 718 3547; x_wconf 85' lang='lat' dir='ltr'><strong>imperia</strong></span> <span class='ocrx_word' id='word_1_166' title='bbox 734 3476 869 3528; x_wconf 86' lang='lat' dir='ltr'><strong>ettotam</strong></span> <span class='ocrx_word' id='word_1_167' title='bbox 886 3467 969 3527; x_wconf 89' lang='lat' dir='ltr'><strong>simul</strong></span> <span class='ocrx_word' id='word_1_168' title='bbox 985 3464 1104 3525; x_wconf 90' lang='lat' dir='ltr'><strong>abstulit</strong></span> <span class='ocrx_word' id='word_1_169' title='bbox 1121 3467 1242 3532; x_wconf 87' lang='lat' dir='ltr'><strong>orbem,</strong></span> 
     </span>
     <span class='ocr_line' id='line_1_27' title="bbox 412 3546 1404 3629; baseline 0.002 -23"><span class='ocrx_word' id='word_1_170' title='bbox 412 3546 542 3627; x_wconf 84' lang='lat' dir='ltr'><strong>Deinde,</strong></span> <span class='ocrx_word' id='word_1_171' title='bbox 558 3551 640 3612; x_wconf 84' lang='lat' dir='ltr'><strong>velut</strong></span> <span class='ocrx_word' id='word_1_172' title='bbox 656 3552 749 3612; x_wconf 89' lang='lat' dir='ltr'><strong>stadio</strong></span> <span class='ocrx_word' id='word_1_173' title='bbox 768 3553 862 3612; x_wconf 85' lang='lat' dir='ltr'><strong>victor</strong></span> <span class='ocrx_word' id='word_1_174' title='bbox 878 3553 926 3629; x_wconf 93' lang='lat' dir='ltr'><strong>qui</strong></span> <span class='ocrx_word' id='word_1_175' title='bbox 946 3550 1026 3610; x_wconf 84' lang='lat' dir='ltr'><strong>solus</strong></span> <span class='ocrx_word' id='word_1_176' title='bbox 1042 3550 1164 3611; x_wconf 77' lang='lat' dir='ltr'><strong>Achaeo</strong></span> <span class='ocrx_word' id='word_1_177' title='bbox 1370 3560 1404 3608; x_wconf 82' lang='lat'><strong>25</strong></span> 
     </span>
     <span class='ocr_line' id='line_1_28' title="bbox 412 3629 1094 3707; baseline 0.001 -17"><span class='ocrx_word' id='word_1_178' title='bbox 412 3629 543 3706; x_wconf 83' lang='lat' dir='ltr'><strong>banguet</strong></span> <span class='ocrx_word' id='word_1_179' title='bbox 558 3644 588 3693; x_wconf 90' lang='lat' dir='ltr'><strong>et</strong></span> <span class='ocrx_word' id='word_1_180' title='bbox 603 3637 718 3696; x_wconf 90' lang='lat' dir='ltr'><strong>immota</strong></span> <span class='ocrx_word' id='word_1_181' title='bbox 734 3654 833 3696; x_wconf 89' lang='lat' dir='ltr'><strong>secum</strong></span> <span class='ocrx_word' id='word_1_182' title='bbox 852 3636 956 3695; x_wconf 84' lang='lat' dir='ltr'><strong>virtute</strong></span> <span class='ocrx_word' id='word_1_183' title='bbox 972 3634 1094 3707; x_wconf 75' lang='lat' dir='ltr'><strong>fatiscit,</strong></span> 
     </span>
    </p>
   </div>
   <div class='ocr_carea' id='block_1_4' title="bbox 0 0 1728 4575">
    <p class='ocr_par' dir='ltr' id='par_1_5' title="bbox 0 0 1728 4575">
     <span class='ocr_line' id='line_1_29' title="bbox 0 0 1728 4575; baseline 0 0"><span class='ocrx_word' id='word_1_184' title='bbox 0 0 1728 4575; x_wconf 95' lang='lat' dir='ltr'><strong> </strong></span> 
     </span>
    </p>
   </div>
  </div>
 </body>
</html>
