3434 4575
350 327 415 390 316
677 328 721 391 II.
738 327 828 389 VAL.
843 327 1104 395 MARTIALIS

723 529 862 590 LXXXI.
884 529 1045 594 Rlsumbs'.

437 642 579 717 Quamvis
594 643 657 705 lata
671 653 759 723 gerat
771 643 888 723 patella
902 647 1108 729 rhombum,

346 772 350 780 .
434 725 593 788 Rhombus
608 727 701 790 Iatier
717 734 884 788 esttamen
898 730 1036 809 patella.

727 845 875 907 LXXXII.
901 848 1038 910 Ostrea.

434 945 531 1006 Ebria
547 945 661 1006 Baiano
676 946 768 1007 modo
781 947 853 1007 veni
869 948 991 1009 concha
1005 949 1172 1012 Lucrina.

476 1030 590 1090 Nobile
603 1051 685 1091 nuuc
702 1032 774 1090 sitio
790 1029 948 1091 luxuriosa
967 1051 1099 1110 garum.

706 1161 867 1223 LXXXIII.
889 1161 1053 1243 Squillae.

438 1258 611 1319 Caeruleus
624 1278 681 1318 nos
695 1254 779 1319 Idris
793 1266 890 1337 amat,
912 1277 1007 1338 quem
1022 1262 1111 1324 silva
1125 1265 1270 1327 Maricae

478 1341 636 1421 Protegit:
657 1343 731 1402 hinc
745 1341 878 1421 squillae
892 1345 1025 1404 maxims
1039 1350 1145 1409 turha
1158 1369 1274 1410 sumus.

715 1473 881 1535 LXXXIV.
902 1471 1037 1535 Scarus.

436 1569 497 1628 IIic
513 1588 634 1645 scarus,
655 1570 820 1646 aequoreis
835 1570 889 1648 qui
902 1570 989 1629 venit
1005 1569 1130 1635 adesus
1148 1579 1189 1637 ab
1206 1578 1293 1639 undis

478 1648 660 1716 Visceribus
674 1654 773 1715 bonus
789 1659 855 1731 est,
878 1660 984 1712 cetera
998 1653 1065 1716 vile
1086 1660 1188 1740 sapit.

694 1782 846 1848 LXXXV.
870 1783 1054 1847 coruum.

438 1883 589 1962 Princeps
603 1880 714 1941 Niliaci
728 1882 868 1960 raperis,
891 1883 1054 1963 saraciae,
1078 1889 1226 1952 macelli

477 1964 626 2026 Pellaeae
639 1966 727 2046 prior
744 1975 794 2024 est
807 1963 907 2043 gloria
921 1962 1008 2024 nulla
1021 1967 1133 2045 gulae.

1296 1621 1305 1657 i

721 2099 886 2162 LXXXVI.
907 2099 1031 2163 niem.

435 2197 498 2256 Iste
511 2193 589 2255 licet
603 2196 716 2272 dIgitos
731 2197 890 2259 testudine
903 2205 1020 2278 pungat
1037 2209 1154 2283 acuta,

479 2278 605 2340 Cortice
624 2279 765 2361 deposita
778 2281 881 2344 mollis
896 2284 1024 2344 echlnus
1040 2287 1118 2347 erit.

703 2414 882 2479 LXXXVII.
906 2417 1054 2484 Murices.

436 2515 592 2594 Sanguine
608 2514 647 2576 de
661 2521 769 2575 nestro
786 2518 917 2593 tiuctas,
938 2518 1081 2596 ingrate,
1101 2517 1260 2588 lacernas

478 2599 597 2677 Induis,
620 2606 653 2660 et
665 2619 727 2660 uon
742 2606 791 2660 est
804 2601 866 2660 hoc
880 2600 969 2677 sctis,
991 2618 1065 2661 esca
1079 2623 1205 2671 sumus.

716 2733 908 2799 LXXXVIII.
933 2734 1032 2797 Gobii.

434 2830 469 2889 Iu
484 2829 615 2890 Venetis
629 2833 692 2891 siut
705 2829 791 2892 lanta
804 2832 881 2893 licet
895 2833 1033 2893 convivia
1047 2838 1170 2920 terris,

477 2913 668 2993 Principium
685 2934 780 2976 cenae
795 2918 904 2994 gobius
919 2934 989 2976 ese
1004 2915 1099 2979 solet.

718 3044 881 3106 LXXXIX.
906 3042 1027 3125 Lupus.

436 3139 572 3199 Daunius
586 3140 726 3220 Euganei
740 3141 830 3222 lupus
845 3144 961 3223 excipit
977 3163 1031 3202 ora
1045 3143 1196 3231 TImavi‚

477 3225 644 3303 Aequoreo
660 3224 769 3286 dulces
785 3246 853 3286 cum
868 3226 933 3287 sale
946 3232 1052 3306 pastus
1067 3248 1181 3308 aquas.

723 3385 728 3393 ·
761 3357 826 3419 XC.
850 3360 988 3420 Aurata.

431 3467 501 3528 Nou
517 3470 615 3529 omnIs
630 3467 740 3530 laudes
755 3473 953 3551 pretiumque
968 3477 1073 3532 aurata
1088 3487 1259 3561 meretur,

476 3552 541 3612 Sed
558 3554 607 3613 cui
621 3551 706 3614 solus
722 3557 785 3614 erit
799 3556 916 3614 concha
933 3554 1070 3616 Lucrina
1082 3559 1188 3625 cibus.
