3434 4575
657 464 702 528 lt
719 463 813 528 VAL.
829 461 1059 524 MARTIALIS

807 662 913 728 xcssi.

424 783 569 862 „Primus
582 780 636 840 ubi
650 779 721 840 est“
735 780 839 857 inquis
854 798 946 856 „oum
957 780 999 838 sit
1011 776 1096 838 liber
1110 779 1174 838 iste
1188 777 1374 840 ειιοιιιιΙιιιῬι

468 865 550 942 Quid
563 864 689 941 faciam,
709 864 736 927 si
750 861 820 942 plus
834 861 892 922 ille
909 862 1038 943 pudoris
1051 862 1172 923 habet!

426 950 476 1010 'l'u
489 957 593 1010 tamen
606 949 688 1008 huno
703 947 773 1006 lieri
791 948 941 1025 rimaris,
962 945 1099 1026 Regale,
1121 948 1276 1028 primum,

466 1034 568 1096 Unum
583 1031 623 1092 de
637 1029 729 1092 titulo
745 1028 860 1090 tollere
875 1033 938 1090 iota
951 1037 1052 1112 potes.

637 1456 682 1529 Μ.
704 1456 809 1529 VAL.
831 1457 1089 1530 MARTIALIS

548 1627 1177 1723 lil'liiiiilililliill

754 1810 980 1878 ironam.

851 1999 874 2058 1.

429 2117 498 2177 Hoc
512 2114 571 2175 tibi
587 2111 738 2191 quidquid
750 2114 783 2174 ld
797 2118 846 2175 est
862 2112 1041 2192 longinquis
1055 2114 1152 2173 mittit
1163 2114 1203 2174 ob
1221 2117 1287 2178 oris

471 2196 573 2260 Gallia
586 2197 742 2257 Romanae
755 2200 880 2257 nomine
896 2195 978 2257 diota
993 2204 1094 2276 togae.

428 2282 520 2344 Hune
531 2280 610 2361 legis
626 2285 659 2342 et
671 2279 777 2343 laudas
791 2279 907 2343 librum
921 2282 1054 2342 fortasse
1068 2283 1223 2363 priorem:
1349 2294 1352 2298 ’

470 2366 525 2427 llla
539 2363 591 2425 rel
605 2367 682 2425 haee
698 2385 767 2427 mea
781 2373 868 2446 snut,
891 2385 968 2446 quae
981 2365 1112 2426 meliora
1125 2373 1227 2448 putas.

408 2449 505 2514 5le
519 2468 593 2510 sane
606 2448 729 2530 placeat
743 2449 866 2512 domina
882 2453 933 2531 qui
949 2458 1039 2511 natus
1053 2452 1086 2510 in
1100 2453 1179 2512 urbe
1192 2458 1258 2513 est:

472 2534 575 2595 Debet
591 2535 673 2594 euim
688 2533 812 2597 Gallum
826 2537 952 2596 vincere
967 2553 1062 2596 verna
1079 2534 1171 2597 liber.

847 2670 883 2731 Η.

430 2781 524 2842 cua·
542 2783 588 2843 vis
604 2783 691 2862 fieri,
710 2780 838 2860 libello,
859 2782 992 2842 munus?

429 2864 557 2925 Festina
570 2867 629 2927 tibi
642 2866 796 2927 vindicem
806 2884 935 2947 parare,
986 2883 988 2887 ·

429 2947 476 3007 Ne
493 2950 612 3026 nigram
627 2951 688 3009 cito
704 2955 811 3030 raptus
824 2950 858 3009 in
875 2947 1008 3009 culinum

430 3030 582 3111 Cordylas
596 3032 718 3092 marlida
733 3039 819 3111 tegas
834 3052 952 3113 papyro

408 3113 493 3177 ove]
506 3116 585 3175 turin
600 3117 757 3195 piperisve
773 3117 815 3174 sis
830 3115 978 3176 ououllus.

428 3198 570 3259 Faustini
583 3200 665 3278 fugis
680 3201 712 3260 in
730 3199 852 3259 sinum?
871 3201 987 3281 sapisti.

353 3355 356 3360 ¹
431 3282 536 3344 Cedro
552 3303 633 3344 nuno
644 3282 721 3344 licet
736 3281 874 3344 aonbules
888 3291 1059 3363 perunctus

429 3368 471 3428 nt
485 3369 600 3429 frontis
616 3369 738 3446 gemino
754 3366 870 3428 decens
887 3369 1008 3429 honore
1027 3443 1030 3449 .

430 3451 529 3513 Pictis
543 3450 711 3513 luxurieris
727 3450 898 3529 umbilicis,

391 3537 474 3597 loEt
488 3544 521 3597 te
534 3557 671 3619 purpura
685 3537 818 3599 delicata
831 3535 917 3597 velet

431 3620 474 3680 Et
489 3641 582 3684 coeco
596 3624 708 3682 rubeat
721 3621 875 3701 superbus
890 3618 993 3692 index.

431 3701 489 3764 llio
503 3704 626 3767 vindice
640 3725 700 3767 neo
713 3706 850 3766 Probum
864 3707 982 3766 timeto.
