3434 4575
320 327 384 391 ooo
511 289 517 303 ’
647 327 693 390 n.
709 327 800 389 van.
815 325 1057 391 nanninus

404 482 447 540 Et
460 482 573 540 tinctas
587 477 651 539 sale
665 480 827 558 pruriente
843 479 969 539 chartas

406 564 535 623 lnstanti
550 562 622 642 lege
636 562 734 638 Rufe3
754 562 811 622 sed
823 561 931 642 puella

383 648 455 709 5Sit
471 653 573 707 tecum
586 653 655 724 tna,
677 665 718 706 ne
733 645 930 707 talassionem

404 731 524 792 Indicas
540 732 678 791 manibus
694 729 870 789 libidinosis

403 817 445 876 Et
460 817 516 875 fias
531 817 598 875 sine
615 814 730 874 femina
743 815 880 874 maritus.

718 925 724 931 ’
787 946 895 1007 xcvi.

407 1064 484 1123 (ium
499 1062 558 1122 tibi
572 1066 646 1121 nota
660 1061 706 1119 tui
721 1060 762 1119 sit
776 1060 837 1118 vita
850 1056 995 1137 fidesque
1010 1062 1144 1141 mariti,

445 1146 511 1206 Nee
525 1142 647 1225 premat
659 1141 722 1204 nlla
736 1150 806 1203 tuos
822 1139 1013 1202 sollicitetve
1028 1148 1143 1224 toros,

405 1228 486 1306 Quid
501 1230 587 1307 quasi
601 1225 766 1307 pellicibus
780 1227 938 1304 torqueris
951 1227 1065 1306 inepta
1080 1231 1267 1317 ministris,

447 1314 482 1372 ln
497 1314 607 1390 quibus
622 1318 655 1370 et
668 1312 772 1369 brevis
787 1317 837 1370 est
850 1316 884 1369 et
897 1310 1027 1388 fugitiva
1041 1310 1190 1376 Venus?

383 1395 479 1458 bPlus
494 1396 553 1455 tibi
568 1414 657 1473 qnam
672 1392 796 1452 domino
810 1411 925 1472 pueros
939 1400 1110 1471 praestare
1125 1404 1295 1480 probahog

445 1479 488 1538 Hi
501 1478 633 1552 faciunt,
655 1483 691 1536 ut
706 1478 748 1536 sis
762 1476 877 1536 feminis
892 1475 959 1536 sola
969 1478 1048 1537 viro.

404 1563 446 1622 Hi
462 1561 537 1621 dant
552 1560 634 1639 quod
648 1580 710 1620 non
724 1561 769 1619 vis
784 1580 861 1620 uxor
877 1559 966 1622 dare'
992 1561 1067 1639 „Du
1079 1569 1197 1627 tamen
1205 1572 1240 1647 ,“
1254 1575 1345 1654 inquis

446 1647 514 1725 „Ne
529 1665 622 1725 vagus
636 1666 653 1704 a
667 1643 808 1704 thalamis
824 1644 963 1723 coniugis
979 1651 1070 1704 erret
1086 1654 1219 1711 amor.“

403 1733 473 1792 Non
487 1730 596 1790 eadem
610 1748 663 1790 res
679 1733 742 1788 est:
762 1729 870 1788 (ibium
884 1726 972 1806 volo,
994 1725 1071 1788 nolo
1086 1736 1275 1801 marisoarn.

364 1826 397 1876 10
445 1817 492 1875 Ne
507 1813 630 1874 dubites
645 1831 722 1893 quae
738 1813 779 1872 sit
795 1812 888 1889 chia,
911 1813 1043 1872 marisca
1058 1818 1117 1874 tua
1133 1825 1199 1881 est.

406 1900 494 1961 Scire
509 1919 580 1959 snos
595 1899 674 1957 fines
688 1904 828 1956 matrona
843 1903 876 1954 et
889 1895 1005 1955 femina
1022 1895 1140 1959 debet:

448 1982 533 2044 Cede
550 1982 738 2062 stupueris,
758 1986 849 2039 utere
867 1985 957 2059 parte
971 1986 1034 2039 tua.

736 2133 738 2136 ’
783 2113 904 2174 xcvii.

404 2223 489 2282 Uxor
505 2239 573 2279 cnm
587 2221 645 2278 tibi
661 2212 702 2278 sit
714 2216 836 2300 puella,
859 2221 985 2302 qualem

404 2305 495 2366 Votis
508 2305 557 2363 vix
570 2308 658 2383 petat
674 2304 823 2383 improbis
840 2308 986 2386 maritus,

404 2388 515 2466 Dives,
536 2386 667 2467 nobilis,
689 2387 827 2467 erudita,
850 2398 950 2467 casta,

403 2472 547 2551 Rumpis,
568 2473 678 2552 basse,
699 2470 797 2551 latus,
820 2474 878 2533 sed
891 2475 924 2533 in
939 2476 1087 2555 comatis,
1112 2536 1118 2548 ,

383 2556 518 2616 5Uxoris
533 2558 591 2617 tibi
606 2557 679 2618 dote
695 2577 771 2637 qnos
785 2558 911 2637 parasti.
959 2601 961 2606 -

403 2642 445 2701 Et
460 2642 504 2701 sic
519 2641 558 2701 ad
573 2641 725 2702 dominam
740 2659 866 2700 reversa
879 2641 1006 2719 languet

403 2724 509 2785 Multis
524 2726 660 2785 mentula
674 2723 796 2785 milibus
812 2724 988 2803 redempta;

407 2811 493 2886 Quae
506 2827 566 2867 nec
579 2810 705 2868 vocibus
720 2811 852 2869 excitata
866 2806 1004 2885 blandis,

405 2889 499 2952 Molli
510 2889 630 2970 pollice
645 2911 704 2951 nec
719 2900 826 2972 rogata
841 2893 948 2971 surgit.

365 2976 453 3037 loSit
467 2972 592 3034 tandem
605 2973 723 3054 pudor,
744 2983 796 3035 aut
810 2995 915 3035 eamus
929 2976 962 3034 in
977 2976 1036 3039 ius
1095 3030 1100 3037 .

404 3057 473 3118 Non
488 3064 537 3116 est
552 3059 628 3118 haec
643 3065 710 3138 tua,
731 3060 842 3120 basse:
863 3057 1040 3121 vendidisti.

770 3182 910 3256 xcvlnj

404 3302 508 3362 Baetis
523 3302 663 3365 olivifera
678 3307 796 3366 crinem
809 3306 954 3367 redimite
969 3326 1100 3385 corona,

447 3386 550 3448 Aurea
564 3391 617 3467 qni
630 3390 737 3450 nitidis
751 3388 870 3449 vellera
883 3392 976 3469 tingis
993 3391 1081 3470 aquis
1089 3397 1103 3466 ς’

287 3497 292 3509 ·
404 3470 502 3546 Quem
516 3474 673 3551 Bromius,
689 3492 780 3552 quem
794 3472 896 3533 Pallas
911 3481 1007 3547 amat3
1028 3478 1078 3534 eui
1097 3488 1213 3545 rector
1226 3501 1356 3567 aquarum

443 3553 555 3617 Albula
568 3559 745 3636 navigerum
759 3576 817 3637 per
831 3557 914 3617 freta
926 3556 1035 3638 pandit
1048 3560 1129 3622 lter:
