3434 4575
259 1489 293 1633 l

493 842 495 844 ’
623 815 664 904 l.
691 810 836 904 Plllllll
864 808 1016 905 illoti

491 982 602 1092 Sd
639 979 682 1084 'P
718 980 740 1085 1
775 979 819 1086 lt
852 978 894 1084 A
927 979 972 1087 lt
1005 979 1049 1090 U
1086 982 1138 1091 Μ

739 1199 899 1262 LIBER.

692 1472 939 1538 PROLOGUS.

323 1584 391 1680 Neo
414 1613 499 1672 fonte
520 1613 600 1673 rana
622 1614 717 1692 prom
740 1615 894 1690 cananum,

323 1701 386 1761 Nec
407 1699 436 1756 in
457 1697 568 1776 bicipiti
589 1700 750 1758 somniasse
772 1698 914 1759 Parnasso

322 1783 453 1856 Memini,
478 1791 508 1840 ut
528 1791 650 1860 repente
670 1783 714 1841 sic
736 1792 824 1860 poeta
847 1783 1004 1861 prodirem.

323 1865 585 1944 Heliconiadasque
607 1865 804 1944 pallidumque
826 1866 950 1926 Pirenen

323 1951 384 2011 lllis
407 1951 538 2026 remitto,
561 1967 682 2030 quorum
709 1952 848 2028 imagines
874 1949 1000 2031 lambunt

324 2035 459 2095 Hederae
484 2052 645 2112 sequaces:
670 2035 734 2113 ipse
760 2029 963 2113 semip'aganus

256 2156 258 2159 -
325 2119 369 2179 Ad
394 2135 477 2178 saera
501 2128 597 2177 vatum
624 2136 740 2178 carmen
766 2119 858 2179 aliero
879 2128 1017 2179 nostrum.

325 2202 396 2276 Quis
420 2202 568 2280 expedivit
592 2203 717 2279 psittaco
740 2222 821 2262 suum
846 2207 927 2283 χαῖρε

326 2287 481 2364 Picamque
505 2286 602 2346 docuit
627 2287 718 2347 verba
739 2298 838 2348 nostra
861 2285 980 2347 collari?

326 2370 465 2448 Magister
490 2372 560 2430 artis
584 2373 739 2449 ingenique
761 2373 884 2458 largitor

326 2454 449 2530 Venter,
472 2465 593 2532 negatas
619 2456 724 2515 artifex
744 2444 832 2535 'sessui
854 2473 960 2524 voces,

325 2537 410 2612 Quod
433 2540 458 2597 si
480 2539 575 2599 dolosi
597 2557 665 2616 spes
688 2539 833 2617 refulgeat
855 2542 970 2616 nummi,

326 2619 439 2682 Gorvos
461 2633 565 2700 poetas
588 2632 617 2682 et
639 2624 787 2701 poetridas
810 2625 891 2701 picas

326 2702 452 2766 (iactare
476 2707 579 2768 credas
603 2707 774 2784 Pegaseium
799 2717 909 2767 nectar.

656 2996 980 3062 SATIRAI.

324 3104 354 3200 θ
381 3153 465 3195 curas
489 3136 648 3199 hommum!
675 3157 693 3199 o
719 3150 852 3219 quantum
875 3150 920 3200 est
943 3144 970 3199 in
992 3142 1082 3201 rebus
1105 3141 1202 3200 inane!

324 3220 396 3295 Quis
415 3220 496 3299 leget
517 3220 613 3281 baec?
626 3256 668 3269 -
686 3222 752 3284 blln'
776 3234 805 3284 tu
825 3225 901 3284 istud
924 3222 987 3285 ais?
1009 3242 1093 3285 nemo
1116 3221 1254 3283 hercule!
1266 3256 1309 3269 -

888 3306 1004 3369 Nemo?
1022 3342 1063 3355 -

324 3390 379 3450 Vel
407 3389 480 3464 duo,
504 3391 553 3450 vel
575 3407 668 3449 nemo.
683 3425 726 3437 -
753 3392 849 3471 Turpe
876 3402 904 3451 et
927 3390 1107 3452 miserabile!
1123 3422 1163 3438 -
1190 3386 1308 3463 Quare?

322 3474 367 3533 Ne
396 3472 463 3531 mibi
486 3473 658 3549 Polydamas
682 3484 710 3534 et
735 3474 876 3538 Troiades
899 3475 1064 3536 Labeonem

322 3555 536 3618 Praetulerim?
563 3558 768 3636 nugael'non,
793 3562 817 3620 si
841 3560 908 3638 quid
926 3559 1038 3619 turbida
1060 3557 1151 3617 Roma
1293 3561 1309 3608 5

322 3640 447 3715 Elevet‚
471 3641 611 3717 accedas,
638 3660 796 3705 examenve
820 3642 980 3722 improbum
1003 3644 1030 3701 in
1053 3641 1102 3701 illa

366 3747 444 3785 nans.
463 3746 522 3786 sar.
1090 3728 1102 3784 l
