3434 4575
682 452 807 504 suumn
831 447 879 503 vn
1256 436 1296 502 stt

300 598 399 677 ilicet,
423 596 490 679 quis
513 596 627 660 viduam
651 609 843 678 praegnatem
869 597 975 658 lecerit
997 602 1027 656 et
1049 609 1107 675 quo
1244 605 1295 658 405

299 685 413 752 diense:
438 684 545 764 quibus
568 682 667 744 verbis
686 681 859 744 concumbat
882 699 1034 763 quaeque,
1058 677 1151 740 modis
1172 691 1252 758 putot.

300 771 455 831 instantem
478 769 542 847 regi
566 769 705 829 Armenio
729 767 895 846 Parthoque
918 775 1051 828 cometen

300 855 390 916 Prima
415 852 511 926 videt;
535 854 640 914 lamam
663 870 855 932 rumoresque
878 851 927 912 illa
951 860 1087 912 recentes

300 938 417 1018 Excipit
441 938 476 999 ad
503 947 622 1018 portas,
645 937 786 1017 quosdam
811 937 895 1004 lacit:
917 938 976 996 isse
998 933 1142 1014 Niphaten

301 1025 329 1083 ln
355 1023 486 1103 populos
507 1039 672 1100 magnoque
695 1022 757 1083 illic
779 1031 883 1082 cuncta
907 1039 975 1081 arva
998 1020 1091 1080 teneri
1246 1028 1297 1082 410

301 1108 434 1182 Diluvio,
462 1114 564 1168 nutare
589 1107 695 1183 urbes,
719 1104 875 1167 subsidere
898 1113 1004 1180 terras,

300 1192 492 1271 Quocumque
515 1192 543 1250 in
565 1190 669 1267 trivio,
692 1191 866 1268 cuicumque
890 1199 936 1250 est
960 1188 1065 1264 obvia,
1092 1197 1197 1247 narrat.

340 1275 405 1337 Nec
428 1285 525 1337 tamen
546 1276 574 1335 id
595 1277 693 1335 uitium
717 1276 809 1353 magis
831 1273 1034 1349 intolerabile,
1058 1291 1142 1353 quarn
1167 1290 1242 1351 quae

301 1361 420 1422 Vicinos
443 1359 567 1421 humiles
588 1378 695 1440 rapere
720 1368 749 1419 et
773 1360 933 1421 concidere
956 1359 1027 1419 loris

300 1444 429 1506 Exorata
453 1443 539 1505 solet.
573 1443 644 1504 Nam
668 1444 694 1504 si
716 1442 869 1505 latratibus
891 1444 941 1504 alti
1247 1451 1298 1504 415

302 1529 482 1610 Rumpuntur
504 1530 614 1604 somni,
637 1528 732 1589 instes
755 1528 812 1590 bue
834 1529 934 1603 ocius,
958 1527 1059 1606 inquit,

302 1614 430 1690 diserte,
455 1623 543 1693 atque
563 1612 621 1673 illis
641 1613 784 1673 dominum
807 1613 889 1673 iubet
911 1620 979 1673 ante
1001 1611 1092 1682 leniri,

301 1697 414 1759 Deinde
440 1716 552 1759 canem.
587 1697 691 1759 Gravis
715 1715 858 1773 occursu,
886 1698 1033 1758 teterrima
1059 1697 1136 1755 vultu

301 1782 407 1844 Balnea
428 1792 517 1843 nocte
539 1780 630 1849 subit:
656 1781 784 1842 conchas
808 1792 838 1843 et
862 1791 956 1842 castra
979 1781 1090 1840 moveri

301 1866 395 1928 Nocte
419 1865 515 1935 iubet;
538 1883 643 1944 magno
667 1867 776 1944 gaudet
800 1866 906 1926 sudare
928 1865 1059 1940 tumultu,
1248 1873 1299 1925 tto

303 1951 395 2024 Quum
419 1951 527 2012 lassata
549 1951 634 2030 gravi
659 1950 829 2010 ceciderunt
850 1949 969 2011 brachia
993 1967 1099 2024 massa,

302 2033 432 2097 Callidus
456 2045 485 2096 et
509 2036 616 2095 cristae
640 2035 749 2113 digitos
772 2037 921 2115 impressit
945 2033 1051 2113 aliptes

303 2122 344 2182 dc
366 2139 507 2182 summum
531 2119 663 2180 dominae
686 2119 781 2180 lemur
803 2120 970 2182 exclamare
993 2120 1101 2198 coegit.

302 2201 452 2265 Convivae
476 2205 574 2264 miseri
597 2206 709 2264 interea
734 2221 896 2283 somnoque
920 2205 1054 2281 fameque

302 2289 463 2368 Urgentur:
491 2287 606 2350 tandem
627 2289 677 2350 illa
700 2291 779 2349 venit
801 2287 1007 2366 rubicundula,
1029 2298 1118 2349 totum
1247 2296 1298 2352 425

302 2372 510 2453 Oenopborum
534 2374 654 2450 sitiens,
682 2374 769 2454 plena
794 2376 872 2453 quod
897 2374 1023 2435 tenditur
1043 2392 1113 2433 urna

302 2459 454 2519 armorum
480 2457 619 2537 pedibus,
642 2458 679 2518 de
702 2476 760 2538 quo
784 2461 930 2519 sextarius
952 2458 1027 2520 alter

301 2543 423 2604 Ducitur
448 2552 514 2602 aute
538 2542 649 2619 cibum,
673 2543 801 2604 rabidam
824 2544 954 2605 lecturus
977 2545 1100 2620 orexim,

301 2626 373 2688 llum
397 2628 474 2688 redit
497 2636 526 2686 et
550 2627 611 2688 loto
634 2635 740 2688 terram
763 2628 830 2688 ierit
853 2630 1000 2689 intestino.

302 2710 495 2773 blarmoribus
519 2713 573 2771 rivi
597 2723 773 2792 properant,
796 2722 896 2774 aurata
920 2712 1074 2773 Falernum
1247 2723 1300 2777 seo

303 2794 399 2857 l’elris
425 2794 502 2858 olet:
529 2814 593 2855 narn
617 2797 676 2871 sic,
700 2805 844 2876 tamquam
867 2797 924 2857 alta
947 2798 975 2855 in
999 2795 1076 2857 dolia
1097 2797 1202 2874 longus

304 2878 456 2940 deciderit
477 2898 616 2960 serpens,
643 2879 714 2941 bibit
737 2890 767 2941 et
789 2883 887 2942 vomit.
924 2880 1005 2959 Ergo
1027 2881 1145 2941 maritus

303 2962 431 3025 Nauseat
453 2973 539 3044 atque
563 2964 658 3028 oculis
681 2964 769 3026 bilem
793 2966 964 3044 substringit
984 2966 1105 3045 opertis.

342 3048 396 3109 llla
419 3059 514 3109 tamen
533 3050 669 3128 gravior,
693 3068 786 3129 quae,
809 3069 894 3129 quum
918 3049 1103 3111 discumbere
1127 3052 1235 3129 coepit,

303 3132 411 3193 Laudat
432 3132 611 3211 Vergilium,
636 3136 782 3214 periturae
806 3136 932 3213 ignoscit
951 3134 1078 3211 Elissae,
1247 3142 1296 3196 430

304 3215 461 3277 Committit
479 3227 566 3291 ¹vates
590 3228 620 3278 et
642 3228 807 3299 comparat:
832 3221 898 3280 inde
921 3218 1070 3280 llaronem
1262 3227 1267 3235 '

305 3302 400 3382 Atque
426 3300 482 3362 alia
505 3305 638 3381 partein
661 3306 763 3363 trutina
789 3305 940 3383 suspendit
965 3304 1130 3364 Homerum.

303 3381 417 3446 Cedunt
439 3388 637 3464 grammatici,
661 3389 813 3449 vincuntur
835 3388 987 3465 rhetores,
1015 3389 1107 3448 omnis

303 3467 399 3531 l'urba
419 3478 513 3539 tacet;
536 3489 592 3531 nec
617 3471 800 3549 causidicus,
825 3491 882 3534 nee
907 3473 1191 3552 praeco-loquetur,

304 3553 402 3615 llltera
426 3572 483 3616 nec
506 3554 625 3617 mulier:
652 3556 809 3616 verborum
830 3566 907 3618 tenta
934 3557 1010 3617 ondit
1031 3558 1091 3620 ris:
1248 3562 1298 3616 tto

304 3634 357 3697 lot
377 3641 489 3718 pariter
515 3639 620 3716 pelves
642 3659 677 3701 00
699 3641 886 3702 tintinnabula
909 3641 990 3701 dicas

303 3719 422 3783 laisari.
462 3725 521 3785 lam
549 3741 633 3783 nemo
653 3724 755 3798 tubas,
780 3743 865 3785 nemo
892 3744 959 3785 aera
985 3724 1102 3811 fatigem
