3434 4575
396 500 430 548 [V
785 501 991 550 PRAEFATIO.

399 647 478 720 plures
488 657 512 700 et
524 645 614 702 scholia
626 648 710 702 eodem
724 648 864 717 pertinenna
876 649 907 702 ita
926 656 1091 712 accesserunt,
1113 657 1140 702 ut
1152 665 1216 704 nunc
1229 649 1278 702 iere
1288 649 1377 705 duode

399 733 445 787 cim
461 747 540 786 rerum
560 732 761 787 turonattmarum
780 742 854 787 testes
868 733 1009 796 habeamus,
1030 733 1157 804 dequibus
1170 743 1194 788 et
1209 733 1341 804 Pinzgems
1354 735 1377 788 in

399 817 417 873 t
430 815 487 871 Chr.
500 816 564 870 lahn.
578 816 606 870 N.
618 817 701 872 rinnai.
714 820 781 875 1835
792 818 819 873 Τ.
832 817 892 881 xlv,
908 833 934 889 p.
947 821 996 876 261
1009 834 1061 889 sqq.
1075 827 1099 870 et
1110 835 1154 872 uos
1168 818 1308 873 inProoem.
1320 820 1377 877 leot.

400 899 466 956 Gott.
487 905 555 959 1843
573 902 675 972 amplius
694 903 880 972 disputavimus,
901 917 1033 973 eomrnque
1048 909 1141 972 septem
1158 903 1230 957 etiam
1242 900 1272 957 0.
1284 901 1379 957 Iahnius

399 986 429 1040 ad
439 985 550 1040 editionis
559 1001 617 1040 suae
634 987 724 1041 caioem
742 987 858 1047 subiecit:
879 987 920 1058 qui
932 986 973 1042 uhi
990 988 1052 1042 inter
1067 1001 1094 1040 se
1110 988 1277 1050 consentiunt,
1297 987 1380 1058 utique

399 1070 531 1138 locupletes
548 1071 697 1126 existimandi
715 1078 785 1135 sunt,
803 1072 839 1125 sin
857 1071 1000 1126 dissentiunt
1033 1071 1124 1125 nultum
1145 1071 1204 1126 adeo
1223 1085 1280 1141 prae
1290 1072 1379 1125 ceteris

399 1154 543 1209 eminentem
561 1155 678 1219 oderunt,
696 1162 722 1209 ut
733 1164 775 1209 aut
790 1155 888 1210 omniuo
911 1164 952 1211 aut
968 1156 992 1210 in
1010 1156 1149 1227 guar-issima
1169 1156 1214 1209 hac
1231 1157 1378 1227 quaestione,

399 1253 460 1310 quae
469 1239 498 1294 ad
510 1240 607 1294 exilium
625 1247 710 1309 poetae
722 1248 828 1310 spectat,
845 1241 910 1295 iliius
921 1241 1000 1310 potius
1016 1241 1086 1294 iidem
1105 1257 1176 1312 quam
1192 1247 1302 1294 nostrum
1318 1240 1378 1294 iudi·

399 1323 463 1377 cium
475 1326 541 1394 sequi
553 1323 688 1378 debeamus.
721 1323 773 1388 Qua
785 1325 809 1379 in
820 1326 959 1396 quaestione
969 1324 1017 1378 hoc
1027 1325 1122 1396 quidem
1141 1326 1203 1378 inter
1218 1338 1302 1378 omnies
1322 1339 1378 1378 con-

399 1415 460 1471 stat,
480 1407 616 1462 iuvenalem
634 1408 663 1462 alt
683 1409 840 1477 imperatore,
859 1411 928 1464 cuius
945 1410 1003 1463 iram
1019 1409 1056 1462 vel
1074 1410 1235 1479 suspicionem
1248 1424 1378 1478 paucorum

396 1506 511 1546 uersuum
522 1491 593 1546 satira
604 1493 641 1546 vot
653 1494 826 1565 epigrammate
836 1495 965 1555 movisset,
984 1493 1029 1547 sub
1040 1495 1121 1563 specie
1134 1493 1232 1548 horroris
1243 1500 1268 1546 et
1279 1492 1379 1547 obtentu

399 1576 523 1632 militiohe
534 1577 556 1630 in
569 1583 690 1632 extremos
701 1578 793 1648 imperii
806 1577 866 1633 fines
876 1578 1014 1649 ablegatum
1026 1592 1086 1643 esse,
1098 1592 1177 1649 neque
1187 1577 1218 1632 de
1233 1592 1305 1631 causa
1317 1577 1380 1632 iliius

401 1662 621 1716 haccontrouersia
633 1670 683 1724 est,
700 1662 757 1733 quin
768 1663 839 1717 iidem
851 1678 935 1718 versus
947 1663 1048 1725 iuterim,
1061 1678 1122 1733 quos
1137 1676 1202 1716 nunc
1217 1660 1270 1715 Sat.
1282 1660 1332 1715 Vll.
1345 1665 1379 1718 90

403 1749 480 1804 -92
499 1747 600 1800 insertos
611 1746 719 1801 Paridem
733 1748 909 1817 pantomimum
928 1748 951 1802 in
969 1745 1098 1801 Domitiani
1116 1746 1169 1801 auia
1185 1746 1378 1816 potentissimum

401 1829 487 1884 acerbe
499 1844 596 1900 carpere
607 1830 729 1895 videmus,
746 1833 810 1886 unde
826 1833 899 1887 etiam
911 1830 993 1887 Sidou.
1007 1831 1083 1900 hpolt.
1096 1829 1138 1885 tit.
1150 1833 1200 1886 266
1217 1831 1274 1885 irati
1284 1830 1378 1884 testitu-

400 1916 438 1968 eir
448 1915 540 1970 ceratem
553 1914 694 1986 appellavit:
709 1924 733 1969 at
751 1924 776 1969 et
786 1917 816 1971 do
827 1916 881 1970 loco
893 1917 957 1971 exitii
975 1923 999 1970 et
1010 1916 1041 1970 de
1052 1917 1194 1986 imperatore
1205 1915 1249 1984 ipsi
1259 1928 1378 1986 gramma-

399 2000 440 2054 tici
451 2000 511 2054 adeo
523 2000 584 2054 inter
595 2015 621 2053 se
631 2001 775 2069 discrepant,
787 2010 814 2054 ut
825 2002 870 2055 uisi
882 2001 980 2055 internis
990 2000 1139 2070 argumentis
1149 1999 1260 2054 adhibitis
1270 1998 1377 2053 stabilem

399 2083 433 2139 rei
444 2084 573 2155 imaginem
586 2084 712 2152 concipere
725 2101 773 2138 uon
791 2085 869 2138 lioeat.
901 2084 1014 2149 Quamuis
1024 2085 1088 2138 enim
1103 2098 1204 2138 numere
1216 2082 1309 2153 plurimi
1321 2095 1377 2150 poe

400 2177 449 2222 tarn
461 2167 484 2222 iu
496 2172 632 2239 Aegyptum
645 2169 744 2222 missum
758 2183 810 2221 esso
821 2168 922 2228 tradant,
937 2178 1056 2222 tamenne
1070 2167 1095 2223 hi
1105 2168 1201 2239 quidem
1213 2169 1273 2222 inter
1283 2181 1310 2220 se
1320 2181 1376 2219 cou-

399 2253 517 2311 sentiuut.
539 2251 581 2306 sed
599 2267 672 2323 quum
685 2252 722 2306 ahi
740 2262 871 2308 eutromam
882 2252 986 2325 Aegypti
999 2263 1091 2322 partem
1108 2260 1149 2308 aut
1160 2252 1279 2307 civitatem
1290 2248 1377 2305 hoasiu

401 2336 495 2401 (Schoi.
509 2337 527 2389 l.
540 2335 571 2404 l)
586 2338 622 2389 uel
642 2338 718 2390 iioasa
730 2337 824 2402 (Schol.
840 2338 878 2390 tv.
890 2341 938 2405 stt)
957 2339 1094 2404 norninout,
1114 2338 1200 2391 Suidas
1223 2350 1278 2390 cum
1296 2334 1377 2389 Malaia

400 2421 584 2492 chronographo
593 2421 623 2474 de
632 2420 768 2476 Domitiano
776 2423 882 2493 loquens,
893 2412 974 2487 ὅστις,
987 2414 1319 2493 ἰηᾳυίῑ,βασιλεὺςέξώρισε
1330 2435 1378 2471 roe

398 2499 577 2575 Ἰουβενάλιον
588 2499 618 2559 ἓν
631 2501 801 2559 Πενταπόλει
813 2500 858 2560 ἐπὶ
869 2501 920 2574 τὴν
930 2501 1051 2577 Ardone:
1065 2514 1113 2560 tres
1124 2505 1316 2577 deniqueSoett'ct'
1326 2502 1379 2558 bellt'

398 2590 633 2660 praepositurumvei
650 2592 822 2660 praefecturam
835 2592 937 2645 militum
949 2607 1003 2646 eum
1021 2593 1141 2661 accepisse
1151 2602 1260 2650 narrant:
1279 2591 1379 2659 impera·

400 2688 477 2727 torem
494 2682 574 2728 autem
585 2673 646 2729 alius
657 2675 782 2730 Claudium
803 2675 936 2737 Neronem,
955 2677 1015 2731 atius
1025 2676 1165 2740 Traianum,
1179 2674 1273 2746 piurimi
1287 2683 1379 2728 tautum

405 2758 566 2813 domitianum
578 2769 727 2820 memorant:
737 2775 816 2831 neque
826 2761 886 2815 adeo
898 2771 992 2830 tempus
1004 2760 1067 2814 cxiiii
1085 2760 1168 2814 iisdem
1181 2760 1267 2813 tinibus
1278 2761 1379 2813 circum-

400 2842 519 2904 scribunt,
536 2843 601 2912 quod
618 2860 692 2914 quum
712 2861 773 2899 unus
785 2845 814 2899 ab
825 2854 932 2899 extrema
945 2845 1070 2899 Domitiani
1090 2852 1167 2896 aetate
1179 2843 1294 2912 usquead
1306 2846 1375 2895 Anto·

400 2927 481 2981 ninum
489 2926 558 2979 Pium
569 2929 688 2988 extendat,
700 2930 739 2983 alii
751 2930 845 2984 exulem
857 2930 918 2985 hatra
930 2929 1095 2983 breuissimum
1106 2939 1201 2995 tempus
1211 2927 1279 2979 senio
1291 2942 1318 2978 ac
1330 2935 1377 2979 tae-

400 3011 439 3065 dio
449 3011 513 3064 vitae
521 3011 655 3082 mentisque
666 3014 816 3085 aegritudine
827 3013 981 3084 absumptum
991 3011 1137 3082 perhibeant,
1152 3017 1187 3063 est
1200 3010 1271 3063 etiam
1283 3009 1323 3080 qui
1331 3007 1379 3062 lto·

401 3109 464 3148 mam
475 3109 612 3155 reversum,
631 3114 701 3168 quum
719 3096 852 3151 Mmtioten
868 3114 936 3151 mauu
952 3113 1000 3150 arou
1017 3096 1118 3157 videet,
1138 3111 1202 3149 orum
1221 3095 1305 3148 oetutie
1321 3110 1380 3147 moe

400 3179 473 3233 uitem
484 3180 671 3250 dechtaqest'mo
681 3181 807 3236 hr'atatiaet
818 3198 907 3252 uapore
921 3180 1023 3253 petiisse
1032 3187 1118 3234 narrat.
1138 3178 1166 3231 Et
1179 3178 1298 3232 denotatis
1309 3195 1379 3242 auno,

400 3280 471 3335 quem
488 3270 559 3333 poeta
575 3264 695 3335 attigerit,
709 3266 792 3335 reiiqui
804 3281 898 3335 quoque
910 3267 941 3319 ita
952 3274 975 3317 et
986 3266 1046 3318 inter
1056 3280 1083 3318 se
1094 3271 1118 3317 et
1129 3279 1184 3317 cum
1194 3262 1320 3334 Borghesii
1332 3264 1379 3317 cal-

401 3347 622 3417 cuiisceugruuut,
639 3356 666 3402 ut
681 3350 807 3420 octoginta
825 3350 927 3419 amplius
944 3364 1018 3402 anuos
1040 3358 1122 3403 natum
1139 3348 1274 3402 iuvenalem
1293 3348 1379 3403 obiisse

363 3491 365 3495 ,
401 3448 444 3500 pro
455 3432 580 3502 explorato
591 3446 681 3503 ponere
691 3433 775 3494 liccam
793 3434 816 3487 id
835 3434 914 3502 ipsum
931 3439 1011 3487 tamen
1028 3434 1049 3488 si
1068 3433 1248 3502 amplectimur,
1268 3449 1325 3488 saue
1336 3432 1379 3486 mi-

400 3530 455 3569 rum
466 3524 503 3570 est
520 3531 602 3571 senem
616 3517 813 3588 octogenarium,
835 3518 875 3588 qui
894 3518 986 3572 nulium
1006 3526 1074 3572 antea
1087 3518 1185 3571 miiitiae
1197 3520 1319 3586 specimen
1330 3517 1379 3570 edi-

400 3600 487 3663 disset,
506 3600 601 3655 cohorti
616 3601 641 3656 in
658 3602 771 3656 extremis
786 3603 879 3671 imperii
896 3602 982 3656 hnilms
1001 3603 1107 3657 tendenti
1124 3602 1176 3655 sinc
1195 3602 1280 3656 homm
1298 3602 1378 3656 sanium

400 3684 507 3754 periurio
518 3683 615 3754 praefici
625 3685 747 3755 potuisse;
765 3702 810 3740 nec
821 3687 900 3741 minus
917 3686 976 3741 iliud
987 3687 1112 3751 miramur.
1125 3688 1188 3758 quod
1208 3688 1252 3741 etsi
1266 3686 1315 3740 Sat
1329 3683 1376 3738 tt.

399 3767 445 3823 tuh
455 3767 573 3825 Hadriano
583 3770 697 3840 scriptam
708 3772 854 3826 essedorum
864 3771 948 3825 consui
963 3771 1058 3835 evincit,
1071 3772 1214 3827 Hadrianum
1223 3771 1285 3825 exitii
1298 3775 1379 3822 aucto

400 3867 452 3907 rem
462 3867 534 3907 nemo
545 3854 614 3909 testis
623 3856 733 3924 prodidit,
744 3857 786 3912 sed
795 3858 834 3910 ret
845 3858 886 3927 urai
894 3856 1024 3911 uersiculos
1034 3857 1092 3913 olim
1103 3868 1186 3912 contra
1195 3856 1301 3915 Paridem
1313 3867 1376 3907 com·
