<?xml version="1.0" encoding="UTF-8"?>
<!DOCTYPE html PUBLIC "-//W3C//DTD XHTML 1.0 Transitional//EN"
    "http://www.w3.org/TR/xhtml1/DTD/xhtml1-transitional.dtd">
<html xmlns="http://www.w3.org/1999/xhtml" xml:lang="en" lang="en">
 <head>
  <title>
</title>
<meta http-equiv="Content-Type" content="text/html;charset=utf-8" />
  <meta name='ocr-system' content='tesseract 3.04.00' />
  <meta name='ocr-capabilities' content='ocr_page ocr_carea ocr_par ocr_line ocrx_word'/>
</head>
<body>
  <div class='ocr_page' id='page_1' title='image "./satirarumlibriq00juvegoog_0457.png"; bbox 0 0 3434 4575; ppageno 0'>
   <div class='ocr_carea' id='block_1_1' title="bbox 600 369 1084 432">
    <p class='ocr_par' dir='ltr' id='par_1_1' title="bbox 600 369 1084 432">
     <span class='ocr_line' id='line_1_1' title="bbox 600 369 1084 432; baseline -0.004 -1"><span class='ocrx_word' id='word_1_1' title='bbox 600 369 942 432; x_wconf 80' lang='lat' dir='ltr'>EPIGRAMMA&#39;ION</span> <span class='ocrx_word' id='word_1_2' title='bbox 954 370 1028 432; x_wconf 89' lang='lat' dir='ltr'>LIB.</span> <span class='ocrx_word' id='word_1_3' title='bbox 1047 370 1084 429; x_wconf 86' lang='lat' dir='ltr'>X.</span> 
     </span>
    </p>
   </div>
   <div class='ocr_carea' id='block_1_2' title="bbox 407 515 1212 682">
    <p class='ocr_par' dir='ltr' id='par_1_2' title="bbox 407 515 1212 682">
     <span class='ocr_line' id='line_1_2' title="bbox 407 515 1212 598; baseline 0 -22"><span class='ocrx_word' id='word_1_4' title='bbox 407 519 467 576; x_wconf 92' lang='lat' dir='ltr'>Iam</span> <span class='ocrx_word' id='word_1_5' title='bbox 482 519 610 595; x_wconf 83' lang='lat' dir='ltr'>scrobe,</span> <span class='ocrx_word' id='word_1_6' title='bbox 632 520 691 577; x_wconf 89' lang='lat' dir='ltr'>iam</span> <span class='ocrx_word' id='word_1_7' title='bbox 705 517 806 594; x_wconf 93' lang='lat' dir='ltr'>lecto,</span> <span class='ocrx_word' id='word_1_8' title='bbox 828 519 887 576; x_wconf 91' lang='lat' dir='ltr'>iam</span> <span class='ocrx_word' id='word_1_9' title='bbox 902 515 1091 596; x_wconf 82' lang='lat' dir='ltr'>pollinctore</span> <span class='ocrx_word' id='word_1_10' title='bbox 1104 523 1212 598; x_wconf 87' lang='lat' dir='ltr'>parato</span> 
     </span>
     <span class='ocr_line' id='line_1_3' title="bbox 447 600 1128 682; baseline 0.006 -23"><span class='ocrx_word' id='word_1_11' title='bbox 447 600 607 660; x_wconf 90' lang='lat' dir='ltr'>Heredem</span> <span class='ocrx_word' id='word_1_12' title='bbox 623 603 747 682; x_wconf 83' lang='lat' dir='ltr'><strong>scripsit</strong></span> <span class='ocrx_word' id='word_1_13' title='bbox 762 619 811 660; x_wconf 91' lang='lat' dir='ltr'>me</span> <span class='ocrx_word' id='word_1_14' title='bbox 828 602 941 660; x_wconf 86' lang='lat' dir='ltr'>Numa:</span> <span class='ocrx_word' id='word_1_15' title='bbox 964 600 1128 664; x_wconf 88' lang='lat' dir='ltr'>convaluit.</span> 
     </span>
    </p>
   </div>
   <div class='ocr_carea' id='block_1_3' title="bbox 775 734 909 796">
    <p class='ocr_par' dir='ltr' id='par_1_3' title="bbox 775 734 909 796">
     <span class='ocr_line' id='line_1_4' title="bbox 775 734 909 796; baseline 0.015 -2"><span class='ocrx_word' id='word_1_16' title='bbox 775 734 909 796; x_wconf 84' lang='lat' dir='ltr'>XCVIII.</span> 
     </span>
    </p>
   </div>
   <div class='ocr_carea' id='block_1_4' title="bbox 361 847 1061 1846">
    <p class='ocr_par' dir='ltr' id='par_1_4' title="bbox 404 847 1025 908">
     <span class='ocr_line' id='line_1_5' title="bbox 404 847 1025 908; baseline -0.005 0"><span class='ocrx_word' id='word_1_17' title='bbox 404 848 507 908; x_wconf 80' lang='lat' dir='ltr'><strong>Addat</strong></span> <span class='ocrx_word' id='word_1_18' title='bbox 522 867 589 906; x_wconf 93' lang='lat' dir='ltr'>cum</span> <span class='ocrx_word' id='word_1_19' title='bbox 605 847 680 906; x_wconf 91' lang='lat' dir='ltr'>mihi</span> <span class='ocrx_word' id='word_1_20' title='bbox 695 847 870 907; x_wconf 79' lang='lat' dir='ltr'>Caecubum</span> <span class='ocrx_word' id='word_1_21' title='bbox 884 849 1025 907; x_wconf 86' lang='lat' dir='ltr'>minister</span> 
     </span>
    </p>

    <p class='ocr_par' dir='ltr' id='par_1_5' title="bbox 403 929 839 1007">
     <span class='ocr_line' id='line_1_6' title="bbox 403 929 839 1007; baseline -0.009 -15"><span class='ocrx_word' id='word_1_22' title='bbox 403 934 494 993; x_wconf 87' lang='lat' dir='ltr'>Idaeo</span> <span class='ocrx_word' id='word_1_23' title='bbox 513 929 680 990; x_wconf 79' lang='lat' dir='ltr'>resolutior</span> <span class='ocrx_word' id='word_1_24' title='bbox 695 930 839 1007; x_wconf 87' lang='lat' dir='ltr'>cinaedo,</span> 
     </span>
    </p>

    <p class='ocr_par' dir='ltr' id='par_1_6' title="bbox 405 1012 933 1093">
     <span class='ocr_line' id='line_1_7' title="bbox 405 1012 933 1093; baseline -0.006 -18"><span class='ocrx_word' id='word_1_25' title='bbox 405 1019 472 1093; x_wconf 78' lang='lat' dir='ltr'>Quo</span> <span class='ocrx_word' id='word_1_26' title='bbox 486 1034 544 1073; x_wconf 88' lang='lat' dir='ltr'>nec</span> <span class='ocrx_word' id='word_1_27' title='bbox 558 1012 622 1073; x_wconf 87' lang='lat' dir='ltr'>filia</span> <span class='ocrx_word' id='word_1_28' title='bbox 640 1013 753 1073; x_wconf 89' lang='lat' dir='ltr'>cultior</span> <span class='ocrx_word' id='word_1_29' title='bbox 767 1032 826 1073; x_wconf 90' lang='lat' dir='ltr'>nec</span> <span class='ocrx_word' id='word_1_30' title='bbox 841 1034 933 1090; x_wconf 77' lang='lat' dir='ltr'>uror,</span> 
     </span>
    </p>

    <p class='ocr_par' dir='ltr' id='par_1_7' title="bbox 404 1098 1012 1174">
     <span class='ocr_line' id='line_1_8' title="bbox 404 1098 1012 1174; baseline -0.005 -15"><span class='ocrx_word' id='word_1_31' title='bbox 404 1102 469 1159; x_wconf 90' lang='lat' dir='ltr'>Nec</span> <span class='ocrx_word' id='word_1_32' title='bbox 483 1103 583 1157; x_wconf 88' lang='lat' dir='ltr'>mater</span> <span class='ocrx_word' id='word_1_33' title='bbox 596 1104 649 1156; x_wconf 92' lang='lat' dir='ltr'>tua</span> <span class='ocrx_word' id='word_1_34' title='bbox 662 1117 720 1156; x_wconf 90' lang='lat' dir='ltr'>nec</span> <span class='ocrx_word' id='word_1_35' title='bbox 737 1117 826 1156; x_wconf 90' lang='lat' dir='ltr'>soror</span> <span class='ocrx_word' id='word_1_36' title='bbox 843 1098 1012 1174; x_wconf 84' lang='lat' dir='ltr'>recumbit,</span> 
     </span>
    </p>

    <p class='ocr_par' dir='ltr' id='par_1_8' title="bbox 380 1179 969 1261">
     <span class='ocr_line' id='line_1_9' title="bbox 380 1179 969 1261; baseline -0.01 -15"><span class='ocrx_word' id='word_1_37' title='bbox 380 1185 461 1246; x_wconf 73' lang='lat' dir='ltr'>ovis</span> <span class='ocrx_word' id='word_1_38' title='bbox 476 1187 614 1261; x_wconf 84' lang='lat' dir='ltr'>spectem</span> <span class='ocrx_word' id='word_1_39' title='bbox 629 1183 731 1260; x_wconf 86' lang='lat' dir='ltr'>potius</span> <span class='ocrx_word' id='word_1_40' title='bbox 747 1189 813 1241; x_wconf 86' lang='lat' dir='ltr'>tuas</span> <span class='ocrx_word' id='word_1_41' title='bbox 829 1179 969 1240; x_wconf 80' lang='lat' dir='ltr'>lacernas</span> 
     </span>
    </p>

    <p class='ocr_par' dir='ltr' id='par_1_9' title="bbox 406 1264 1044 1344">
     <span class='ocr_line' id='line_1_10' title="bbox 406 1264 1044 1344; baseline -0.003 -19"><span class='ocrx_word' id='word_1_42' title='bbox 406 1269 468 1325; x_wconf 88' lang='lat' dir='ltr'>Aut</span> <span class='ocrx_word' id='word_1_43' title='bbox 483 1268 594 1324; x_wconf 90' lang='lat' dir='ltr'>citrum</span> <span class='ocrx_word' id='word_1_44' title='bbox 609 1270 696 1324; x_wconf 78' lang='lat' dir='ltr'>vetus</span> <span class='ocrx_word' id='word_1_45' title='bbox 711 1264 895 1344; x_wconf 85' lang='lat' dir='ltr'>Indicosque</span> <span class='ocrx_word' id='word_1_46' title='bbox 911 1264 1044 1324; x_wconf 75' lang='lat' dir='ltr'>dentes?</span> 
     </span>
    </p>

    <p class='ocr_par' dir='ltr' id='par_1_10' title="bbox 404 1349 1023 1428">
     <span class='ocr_line' id='line_1_11' title="bbox 404 1349 1023 1428; baseline -0.005 -18"><span class='ocrx_word' id='word_1_47' title='bbox 404 1351 573 1428; x_wconf 86' lang='lat' dir='ltr'>Suspectus</span> <span class='ocrx_word' id='word_1_48' title='bbox 587 1349 644 1407; x_wconf 89' lang='lat' dir='ltr'>tibi</span> <span class='ocrx_word' id='word_1_49' title='bbox 659 1367 699 1407; x_wconf 90' lang='lat' dir='ltr'>ne</span> <span class='ocrx_word' id='word_1_50' title='bbox 715 1356 818 1408; x_wconf 88' lang='lat' dir='ltr'>tamen</span> <span class='ocrx_word' id='word_1_51' title='bbox 832 1350 1023 1420; x_wconf 76' lang='lat' dir='ltr'>recumbam,</span> 
     </span>
    </p>

    <p class='ocr_par' dir='ltr' id='par_1_11' title="bbox 404 1431 988 1510">
     <span class='ocr_line' id='line_1_12' title="bbox 404 1431 988 1510; baseline -0.002 -18"><span class='ocrx_word' id='word_1_52' title='bbox 404 1436 533 1492; x_wconf 89' lang='lat' dir='ltr'>Praesta</span> <span class='ocrx_word' id='word_1_53' title='bbox 550 1431 588 1490; x_wconf 93' lang='lat' dir='ltr'>de</span> <span class='ocrx_word' id='word_1_54' title='bbox 604 1451 699 1510; x_wconf 80' lang='lat' dir='ltr'>grege</span> <span class='ocrx_word' id='word_1_55' title='bbox 714 1431 900 1510; x_wconf 82' lang='lat' dir='ltr'>sordidaque</span> <span class='ocrx_word' id='word_1_56' title='bbox 914 1431 988 1492; x_wconf 92' lang='lat' dir='ltr'>villa</span> 
     </span>
    </p>

    <p class='ocr_par' dir='ltr' id='par_1_12' title="bbox 361 1514 1043 1663">
     <span class='ocr_line' id='line_1_13' title="bbox 406 1514 1043 1595; baseline -0.002 -19"><span class='ocrx_word' id='word_1_57' title='bbox 406 1519 545 1594; x_wconf 87' lang='lat' dir='ltr'>Tonsos,</span> <span class='ocrx_word' id='word_1_58' title='bbox 563 1514 758 1593; x_wconf 85' lang='lat' dir='ltr'>horridulus,</span> <span class='ocrx_word' id='word_1_59' title='bbox 780 1515 891 1594; x_wconf 93' lang='lat' dir='ltr'>rudes,</span> <span class='ocrx_word' id='word_1_60' title='bbox 911 1515 1043 1595; x_wconf 90' lang='lat' dir='ltr'>pusillos</span> 
     </span>
     <span class='ocr_line' id='line_1_14' title="bbox 361 1597 854 1663; baseline -0.006 0"><span class='ocrx_word' id='word_1_61' title='bbox 361 1602 526 1663; x_wconf 87' lang='lat' dir='ltr'>10Hircosi</span> <span class='ocrx_word' id='word_1_62' title='bbox 541 1601 616 1659; x_wconf 93' lang='lat' dir='ltr'>mihi</span> <span class='ocrx_word' id='word_1_63' title='bbox 629 1597 712 1658; x_wconf 86' lang='lat' dir='ltr'>filios</span> <span class='ocrx_word' id='word_1_64' title='bbox 727 1598 854 1660; x_wconf 85' lang='lat' dir='ltr'>subulci.</span> 
     </span>
    </p>

    <p class='ocr_par' dir='ltr' id='par_1_13' title="bbox 402 1681 1035 1759">
     <span class='ocr_line' id='line_1_15' title="bbox 402 1681 1035 1759; baseline -0.006 -15"><span class='ocrx_word' id='word_1_65' title='bbox 402 1683 519 1744; x_wconf 88' lang='lat' dir='ltr'>Perdet</span> <span class='ocrx_word' id='word_1_66' title='bbox 536 1690 568 1742; x_wconf 90' lang='lat' dir='ltr'>te</span> <span class='ocrx_word' id='word_1_67' title='bbox 584 1682 674 1742; x_wconf 93' lang='lat' dir='ltr'>dolor</span> <span class='ocrx_word' id='word_1_68' title='bbox 689 1684 755 1741; x_wconf 90' lang='lat' dir='ltr'>hic:</span> <span class='ocrx_word' id='word_1_69' title='bbox 775 1683 909 1759; x_wconf 86' lang='lat' dir='ltr'>habere,</span> <span class='ocrx_word' id='word_1_70' title='bbox 928 1681 1035 1759; x_wconf 91' lang='lat' dir='ltr'>Publi,</span> 
     </span>
    </p>

    <p class='ocr_par' dir='ltr' id='par_1_14' title="bbox 402 1766 1061 1846">
     <span class='ocr_line' id='line_1_16' title="bbox 402 1766 1061 1846; baseline -0.003 -18"><span class='ocrx_word' id='word_1_71' title='bbox 402 1770 508 1828; x_wconf 90' lang='lat' dir='ltr'>Mores</span> <span class='ocrx_word' id='word_1_72' title='bbox 522 1787 584 1827; x_wconf 91' lang='lat' dir='ltr'>non</span> <span class='ocrx_word' id='word_1_73' title='bbox 599 1771 690 1846; x_wconf 88' lang='lat' dir='ltr'>potes</span> <span class='ocrx_word' id='word_1_74' title='bbox 703 1768 759 1824; x_wconf 90' lang='lat' dir='ltr'>hos</span> <span class='ocrx_word' id='word_1_75' title='bbox 775 1766 879 1824; x_wconf 85' lang='lat' dir='ltr'>ethos</span> <span class='ocrx_word' id='word_1_76' title='bbox 895 1767 1061 1826; x_wconf 87' lang='lat' dir='ltr'>ministros.</span> 
     </span>
    </p>
   </div>
   <div class='ocr_carea' id='block_1_5' title="bbox 786 1898 893 1958">
    <p class='ocr_par' dir='ltr' id='par_1_15' title="bbox 786 1898 893 1958">
     <span class='ocr_line' id='line_1_17' title="bbox 786 1898 893 1958; baseline 0 -1"><span class='ocrx_word' id='word_1_77' title='bbox 786 1898 893 1958; x_wconf 84' lang='lat' dir='ltr'>XCIX.</span> 
     </span>
    </p>
   </div>
   <div class='ocr_carea' id='block_1_6' title="bbox 402 2010 1184 2175">
    <p class='ocr_par' dir='ltr' id='par_1_16' title="bbox 402 2010 1184 2175">
     <span class='ocr_line' id='line_1_18' title="bbox 402 2010 1184 2088; baseline 0.003 -15"><span class='ocrx_word' id='word_1_78' title='bbox 402 2015 434 2073; x_wconf 87' lang='lat' dir='ltr'>Si</span> <span class='ocrx_word' id='word_1_79' title='bbox 445 2016 580 2073; x_wconf 86' lang='lat' dir='ltr'>Romana</span> <span class='ocrx_word' id='word_1_80' title='bbox 594 2013 701 2071; x_wconf 89' lang='lat' dir='ltr'>forent</span> <span class='ocrx_word' id='word_1_81' title='bbox 715 2012 792 2070; x_wconf 88' lang='lat' dir='ltr'>haec</span> <span class='ocrx_word' id='word_1_82' title='bbox 807 2010 944 2069; x_wconf 82' lang='lat' dir='ltr'>Socratis</span> <span class='ocrx_word' id='word_1_83' title='bbox 960 2031 1028 2088; x_wconf 88' lang='lat' dir='ltr'>ora,</span> <span class='ocrx_word' id='word_1_84' title='bbox 1051 2012 1184 2075; x_wconf 87' lang='lat' dir='ltr'>fuissent</span> 
     </span>
     <span class='ocr_line' id='line_1_19' title="bbox 442 2092 1062 2175; baseline -0.003 -18"><span class='ocrx_word' id='word_1_85' title='bbox 442 2097 535 2158; x_wconf 89' lang='lat' dir='ltr'>Iulius</span> <span class='ocrx_word' id='word_1_86' title='bbox 550 2099 582 2155; x_wconf 90' lang='lat' dir='ltr'>in</span> <span class='ocrx_word' id='word_1_87' title='bbox 598 2097 716 2175; x_wconf 84' lang='lat' dir='ltr'>Satyris</span> <span class='ocrx_word' id='word_1_88' title='bbox 732 2092 833 2173; x_wconf 88' lang='lat' dir='ltr'>qualia</span> <span class='ocrx_word' id='word_1_89' title='bbox 846 2095 944 2154; x_wconf 85' lang='lat' dir='ltr'>Rufus</span> <span class='ocrx_word' id='word_1_90' title='bbox 958 2095 1062 2155; x_wconf 89' lang='lat' dir='ltr'>babet.</span> 
     </span>
    </p>
   </div>
   <div class='ocr_carea' id='block_1_7' title="bbox 822 2231 856 2291">
    <p class='ocr_par' dir='ltr' id='par_1_17' title="bbox 822 2231 856 2291">
     <span class='ocr_line' id='line_1_20' title="bbox 822 2231 856 2291; baseline 0.059 -2"><span class='ocrx_word' id='word_1_91' title='bbox 822 2231 856 2291; x_wconf 80' lang='lat'>0.</span> 
     </span>
    </p>
   </div>
   <div class='ocr_carea' id='block_1_8' title="bbox 380 2339 1160 2841">
    <p class='ocr_par' dir='ltr' id='par_1_18' title="bbox 380 2339 1160 2841">
     <span class='ocr_line' id='line_1_21' title="bbox 403 2339 1160 2418; baseline 0.005 -18"><span class='ocrx_word' id='word_1_92' title='bbox 403 2343 500 2418; x_wconf 77' lang='lat' dir='ltr'>Quid,</span> <span class='ocrx_word' id='word_1_93' title='bbox 524 2339 637 2418; x_wconf 88' lang='lat' dir='ltr'>stulte,</span> <span class='ocrx_word' id='word_1_94' title='bbox 658 2344 773 2401; x_wconf 88' lang='lat' dir='ltr'>nostris</span> <span class='ocrx_word' id='word_1_95' title='bbox 787 2344 927 2401; x_wconf 85' lang='lat' dir='ltr'>versibus</span> <span class='ocrx_word' id='word_1_96' title='bbox 942 2350 1011 2402; x_wconf 88' lang='lat' dir='ltr'>tuos</span> <span class='ocrx_word' id='word_1_97' title='bbox 1025 2344 1160 2404; x_wconf 75' lang='lat' dir='ltr'>mirces‘t</span> 
     </span>
     <span class='ocr_line' id='line_1_22' title="bbox 403 2424 1072 2502; baseline 0.003 -19"><span class='ocrx_word' id='word_1_98' title='bbox 403 2427 478 2484; x_wconf 80' lang='lat' dir='ltr'>Cum</span> <span class='ocrx_word' id='word_1_99' title='bbox 492 2424 635 2502; x_wconf 82' lang='lat' dir='ltr'>litigante</span> <span class='ocrx_word' id='word_1_100' title='bbox 650 2424 723 2502; x_wconf 96' lang='lat' dir='ltr'>quid</span> <span class='ocrx_word' id='word_1_101' title='bbox 739 2426 813 2502; x_wconf 92' lang='lat' dir='ltr'>tibi,</span> <span class='ocrx_word' id='word_1_102' title='bbox 835 2428 945 2502; x_wconf 90' lang='lat' dir='ltr'>miser,</span> <span class='ocrx_word' id='word_1_103' title='bbox 966 2424 1072 2485; x_wconf 77' lang='lat' dir='ltr'>libro?</span> 
     </span>
     <span class='ocr_line' id='line_1_23' title="bbox 403 2507 1051 2588; baseline 0.002 -21"><span class='ocrx_word' id='word_1_104' title='bbox 403 2509 484 2584; x_wconf 82' lang='lat' dir='ltr'>Quid</span> <span class='ocrx_word' id='word_1_105' title='bbox 499 2527 687 2587; x_wconf 82' lang='lat' dir='ltr'>congregare</span> <span class='ocrx_word' id='word_1_106' title='bbox 703 2529 770 2568; x_wconf 87' lang='lat' dir='ltr'>cum</span> <span class='ocrx_word' id='word_1_107' title='bbox 785 2507 929 2569; x_wconf 91' lang='lat' dir='ltr'>leonibus</span> <span class='ocrx_word' id='word_1_108' title='bbox 943 2507 1051 2588; x_wconf 86' lang='lat' dir='ltr'>volpes</span> 
     </span>
     <span class='ocr_line' id='line_1_24' title="bbox 401 2591 1141 2673; baseline 0.005 -22"><span class='ocrx_word' id='word_1_109' title='bbox 401 2591 584 2673; x_wconf 85' lang='lat' dir='ltr'>Aquilisque</span> <span class='ocrx_word' id='word_1_110' title='bbox 601 2592 716 2652; x_wconf 85' lang='lat' dir='ltr'>similes</span> <span class='ocrx_word' id='word_1_111' title='bbox 730 2594 836 2652; x_wconf 87' lang='lat' dir='ltr'>facere</span> <span class='ocrx_word' id='word_1_112' title='bbox 850 2599 978 2651; x_wconf 89' lang='lat' dir='ltr'>noctuas</span> <span class='ocrx_word' id='word_1_113' title='bbox 996 2597 1141 2669; x_wconf 70' lang='lat' dir='ltr'>quaeris?</span> 
     </span>
     <span class='ocr_line' id='line_1_25' title="bbox 380 2673 1055 2756; baseline -0.006 -19"><span class='ocrx_word' id='word_1_114' title='bbox 380 2678 525 2737; x_wconf 81' lang='lat' dir='ltr'>5Habeas</span> <span class='ocrx_word' id='word_1_115' title='bbox 538 2677 648 2737; x_wconf 87' lang='lat' dir='ltr'>licebit</span> <span class='ocrx_word' id='word_1_116' title='bbox 664 2676 796 2736; x_wconf 87' lang='lat' dir='ltr'>alterum</span> <span class='ocrx_word' id='word_1_117' title='bbox 810 2676 922 2756; x_wconf 90' lang='lat' dir='ltr'>pedem</span> <span class='ocrx_word' id='word_1_118' title='bbox 936 2673 1055 2754; x_wconf 75' lang='lat' dir='ltr'>badae,</span> 
     </span>
     <span class='ocr_line' id='line_1_26' title="bbox 400 2758 1018 2841; baseline 0 -21"><span class='ocrx_word' id='word_1_119' title='bbox 400 2761 524 2841; x_wconf 86' lang='lat' dir='ltr'>Inepte,</span> <span class='ocrx_word' id='word_1_120' title='bbox 545 2762 661 2821; x_wconf 88' lang='lat' dir='ltr'>frustra</span> <span class='ocrx_word' id='word_1_121' title='bbox 677 2778 768 2820; x_wconf 90' lang='lat' dir='ltr'>crure</span> <span class='ocrx_word' id='word_1_122' title='bbox 781 2758 886 2837; x_wconf 82' lang='lat' dir='ltr'>ligneo</span> <span class='ocrx_word' id='word_1_123' title='bbox 903 2776 1018 2820; x_wconf 87' lang='lat' dir='ltr'>curres.</span> 
     </span>
    </p>
   </div>
   <div class='ocr_carea' id='block_1_9' title="bbox 814 2901 863 2961">
    <p class='ocr_par' dir='ltr' id='par_1_19' title="bbox 814 2901 863 2961">
     <span class='ocr_line' id='line_1_27' title="bbox 814 2901 863 2961; baseline 0.061 -4"><span class='ocrx_word' id='word_1_124' title='bbox 814 2901 863 2961; x_wconf 84' lang='lat' dir='ltr'>CI.</span> 
     </span>
    </p>
   </div>
   <div class='ocr_carea' id='block_1_10' title="bbox 400 3014 1074 3176">
    <p class='ocr_par' dir='ltr' id='par_1_20' title="bbox 400 3014 1074 3176">
     <span class='ocr_line' id='line_1_28' title="bbox 400 3014 1074 3093; baseline 0.001 -18"><span class='ocrx_word' id='word_1_125' title='bbox 400 3014 508 3093; x_wconf 84' lang='lat' dir='ltr'>Elysio</span> <span class='ocrx_word' id='word_1_126' title='bbox 526 3015 637 3075; x_wconf 85' lang='lat' dir='ltr'>redeat</span> <span class='ocrx_word' id='word_1_127' title='bbox 650 3016 676 3073; x_wconf 88' lang='lat' dir='ltr'>si</span> <span class='ocrx_word' id='word_1_128' title='bbox 690 3015 774 3073; x_wconf 84' lang='lat' dir='ltr'>forte</span> <span class='ocrx_word' id='word_1_129' title='bbox 789 3015 935 3073; x_wconf 87' lang='lat' dir='ltr'>remissus</span> <span class='ocrx_word' id='word_1_130' title='bbox 950 3017 987 3074; x_wconf 92' lang='lat' dir='ltr'>ab</span> <span class='ocrx_word' id='word_1_131' title='bbox 1002 3035 1074 3093; x_wconf 81' lang='lat' dir='ltr'>agro</span> 
     </span>
     <span class='ocr_line' id='line_1_29' title="bbox 440 3098 1049 3176; baseline -0.002 -19"><span class='ocrx_word' id='word_1_132' title='bbox 440 3098 499 3157; x_wconf 93' lang='lat' dir='ltr'>Ille</span> <span class='ocrx_word' id='word_1_133' title='bbox 515 3119 569 3157; x_wconf 86' lang='lat' dir='ltr'>suo</span> <span class='ocrx_word' id='word_1_134' title='bbox 585 3099 661 3159; x_wconf 83' lang='lat' dir='ltr'>felix</span> <span class='ocrx_word' id='word_1_135' title='bbox 675 3099 808 3157; x_wconf 82' lang='lat' dir='ltr'>Caesare</span> <span class='ocrx_word' id='word_1_136' title='bbox 825 3098 931 3158; x_wconf 86' lang='lat' dir='ltr'>Gabba</span> <span class='ocrx_word' id='word_1_137' title='bbox 945 3105 1049 3176; x_wconf 88' lang='lat' dir='ltr'>vetus,</span> 
     </span>
    </p>
   </div>
   <div class='ocr_carea' id='block_1_11' title="bbox 402 3181 1183 3342">
    <p class='ocr_par' dir='ltr' id='par_1_21' title="bbox 402 3181 1183 3342">
     <span class='ocr_line' id='line_1_30' title="bbox 402 3181 1183 3260; baseline 0.003 -20"><span class='ocrx_word' id='word_1_138' title='bbox 402 3184 462 3258; x_wconf 77' lang='lat' dir='ltr'>Qui</span> <span class='ocrx_word' id='word_1_139' title='bbox 477 3181 684 3260; x_wconf 80' lang='lat' dir='ltr'>Capitolinum</span> <span class='ocrx_word' id='word_1_140' title='bbox 699 3182 818 3260; x_wconf 89' lang='lat' dir='ltr'>pariter</span> <span class='ocrx_word' id='word_1_141' title='bbox 834 3182 1032 3260; x_wconf 85' lang='lat' dir='ltr'>Gabbamque</span> <span class='ocrx_word' id='word_1_142' title='bbox 1046 3183 1183 3243; x_wconf 88' lang='lat' dir='ltr'>iocantes</span> 
     </span>
     <span class='ocr_line' id='line_1_31' title="bbox 441 3263 1151 3342; baseline 0.001 -18"><span class='ocrx_word' id='word_1_143' title='bbox 441 3263 602 3341; x_wconf 83' lang='lat' dir='ltr'>Audierit,</span> <span class='ocrx_word' id='word_1_144' title='bbox 625 3263 724 3323; x_wconf 80' lang='lat' dir='ltr'>dicet:</span> <span class='ocrx_word' id='word_1_145' title='bbox 746 3264 894 3342; x_wconf 76' lang='lat' dir='ltr'>„Rustice</span> <span class='ocrx_word' id='word_1_146' title='bbox 909 3265 1031 3341; x_wconf 81' lang='lat' dir='ltr'>Gabba,</span> <span class='ocrx_word' id='word_1_147' title='bbox 1050 3266 1151 3325; x_wconf 82' lang='lat' dir='ltr'>tace.“</span> 
     </span>
    </p>
   </div>
   <div class='ocr_carea' id='block_1_12' title="bbox 806 3398 866 3458">
    <p class='ocr_par' dir='ltr' id='par_1_22' title="bbox 806 3398 866 3458">
     <span class='ocr_line' id='line_1_32' title="bbox 806 3398 866 3458; baseline -0.017 0"><span class='ocrx_word' id='word_1_148' title='bbox 806 3398 866 3458; x_wconf 85' lang='lat' dir='ltr'>CII.</span> 
     </span>
    </p>
   </div>
   <div class='ocr_carea' id='block_1_13' title="bbox 398 3510 1066 3676">
    <p class='ocr_par' dir='ltr' id='par_1_23' title="bbox 398 3510 1066 3676">
     <span class='ocr_line' id='line_1_33' title="bbox 401 3510 937 3589; baseline 0.007 -23"><span class='ocrx_word' id='word_1_149' title='bbox 401 3510 467 3582; x_wconf 77' lang='lat' dir='ltr'>Qua</span> <span class='ocrx_word' id='word_1_150' title='bbox 481 3510 580 3568; x_wconf 89' lang='lat' dir='ltr'>factus</span> <span class='ocrx_word' id='word_1_151' title='bbox 595 3511 716 3569; x_wconf 87' lang='lat' dir='ltr'>ratione</span> <span class='ocrx_word' id='word_1_152' title='bbox 732 3512 772 3570; x_wconf 91' lang='lat' dir='ltr'>sit</span> <span class='ocrx_word' id='word_1_153' title='bbox 786 3512 937 3589; x_wconf 88' lang='lat' dir='ltr'>requiris,</span> 
     </span>
     <span class='ocr_line' id='line_1_34' title="bbox 398 3593 1066 3676; baseline 0.006 -26"><span class='ocrx_word' id='word_1_154' title='bbox 398 3594 459 3669; x_wconf 77' lang='lat' dir='ltr'>Qui</span> <span class='ocrx_word' id='word_1_155' title='bbox 473 3613 626 3671; x_wconf 88' lang='lat' dir='ltr'>nunquam</span> <span class='ocrx_word' id='word_1_156' title='bbox 640 3594 751 3673; x_wconf 85' lang='lat' dir='ltr'>futuit,</span> <span class='ocrx_word' id='word_1_157' title='bbox 772 3601 863 3676; x_wconf 90' lang='lat' dir='ltr'>pater</span> <span class='ocrx_word' id='word_1_158' title='bbox 878 3593 1066 3656; x_wconf 73' lang='lat' dir='ltr'>Philaenus?</span> 
     </span>
    </p>
   </div>
   <div class='ocr_carea' id='block_1_14' title="bbox 1300 369 1364 433">
    <p class='ocr_par' dir='ltr' id='par_1_24' title="bbox 1300 369 1364 433">
     <span class='ocr_line' id='line_1_35' title="bbox 1300 369 1364 433; baseline 0.016 -1"><span class='ocrx_word' id='word_1_159' title='bbox 1300 369 1364 433; x_wconf 80' lang='lat'>25³</span> 
     </span>
    </p>
   </div>
   <div class='ocr_carea' id='block_1_15' title="bbox 0 0 1737 4575">
    <p class='ocr_par' dir='ltr' id='par_1_25' title="bbox 0 0 1737 4575">
     <span class='ocr_line' id='line_1_36' title="bbox 0 0 1737 4575; baseline 0 0"><span class='ocrx_word' id='word_1_160' title='bbox 0 0 1737 4575; x_wconf 95' lang='lat' dir='ltr'> </span> 
     </span>
    </p>
   </div>
  </div>
 </body>
</html>
