3434 4575
724 491 850 540 sams
873 492 896 539 1.

299 634 373 713 lpse,
399 631 571 693 lacernatae
591 649 676 710 quum
699 651 732 691 sc
754 634 877 693 iactaret
899 634 1022 695 amicae!

299 720 399 779 llonne
423 717 496 777 libet
514 714 611 776 ruedio
634 734 720 776 ceras
742 717 866 796 implere
889 736 1015 797 capaces

298 801 476 878 Quadrivio‚
500 818 587 880 quum
605 801 660 861 iam
686 810 770 861 sexta
793 803 912 862 cervice
934 802 1060 881 feratur,

298 887 367 948 ilinc
390 894 480 963 atque
503 883 568 944 iude
591 893 695 962 patens
717 903 753 946 ac
775 887 850 946 nuda
874 905 969 966 paene
992 888 1130 949 cathedra

298 971 331 1032 m
353 970 474 1031 multum
495 968 630 1029 referens
653 970 690 1030 de
713 969 886 1031 Maecenate
911 973 1033 1050 supino,

298 1059 436 1134 signator
458 1053 553 1129 lalso,
579 1055 627 1131 qui
650 1072 685 1114 se
708 1054 816 1114 lautum
839 1065 928 1134 atque
952 1056 1065 1117 beatum

297 1140 418 1217 Exiguis
440 1139 546 1198 tabulis
568 1148 597 1197 et
618 1156 732 1216 gemma
752 1139 866 1200 lecerat
885 1138 964 1201 uda?

297 1225 431 1286 Occurrit
451 1232 581 1282 matrona
606 1233 730 1301 potens,
755 1242 830 1302 quae
852 1224 942 1285 molle
966 1224 1105 1286 Calenum

297 1310 471 1370 Porrectura
493 1309 556 1367 viro
576 1311 679 1368 miscet
701 1309 818 1368 sitiente
839 1308 985 1384 rubetam,

297 1395 479 1471 instituitque
503 1392 591 1452 rudes
610 1393 715 1452 melior
735 1391 861 1453 Lucusta
885 1396 1064 1473 propinquas

298 1479 350 1539 Per
372 1477 478 1537 lamam
500 1485 529 1536 et
554 1476 690 1555 populum
713 1478 815 1555 nigros
840 1477 948 1538 ell'erre
967 1480 1097 1539 maritos.

298 1563 380 1624 dude
402 1560 512 1639 aliquid
535 1560 674 1621 brevibus
700 1560 803 1637 Gyaris
827 1572 856 1621 ct
880 1581 1000 1623 carcere
1024 1563 1156 1640 dignum,

297 1649 325 1708 Si
344 1648 390 1706 vis
413 1663 482 1705 esse
505 1644 630 1724 aliquid:
656 1644 787 1723 probitas
811 1646 944 1707 laudatur
963 1656 992 1708 et
1014 1648 1105 1724 alget,

298 1730 471 1792 Criminibus
494 1730 603 1790 debent
623 1730 741 1806 hortos,
765 1733 930 1809 praetoria,
954 1728 1087 1805 melicas,

298 1817 457 1894 Argentum
477 1823 561 1874 vetus
584 1825 613 1874 et
635 1823 758 1874 stantem
780 1824 864 1875 extra
888 1816 994 1894 pocula
1017 1834 1143 1894 caprum.

298 1902 387 1976 Quem
412 1900 519 1979 patitur
541 1899 668 1958 dormire
691 1918 778 1958 nurus
802 1910 958 1978 corruptor
981 1917 1102 1973 avarae,

298 1988 388 2060 Quem
412 2001 541 2063 sponsae
565 1992 666 2062 turpes
689 1993 718 2042 et
738 1993 938 2061 praetextatus
963 1983 1097 2044 adulter?

298 2071 325 2130 Si
347 2078 449 2129 natura
472 2076 577 2146 negat,
600 2068 669 2127 lacit
691 2068 851 2145 indignatio
875 2088 1006 2144 versum,

300 2155 537 2230 Quralemcunque
560 2161 677 2230 potest,
701 2152 805 2232 quales
828 2170 886 2232 ego
908 2155 956 2214 vel
980 2152 1147 2215 Cluuienus.

357 2238 404 2299 Ex
429 2255 487 2318 quo
510 2236 672 2298 Deucalion
694 2235 796 2297 nimbis
817 2238 988 2300 tollentibus
1007 2257 1119 2316 aequor

298 2323 420 2402 Navigio
444 2332 571 2383 montem
593 2323 724 2383 ascendit
745 2332 902 2403 sortesque
925 2325 1078 2404 poposcit,

299 2408 495 2486 Paulatimque
518 2408 610 2467 anima
634 2407 784 2467 caluerunt
805 2409 904 2469 mollia
928 2428 1015 2482 saxa,

300 2493 332 2554 ur
355 2491 484 2553 maribus
507 2491 597 2552 nudas
619 2492 747 2553 ostendit
769 2493 880 2569 Pyrrha
904 2494 1029 2572 puellas,

299 2576 444 2657 Quidquid
462 2586 551 2654 agunt
566 2576 715 2652 homiues,
731 2586 848 2654 votum,
865 2577 965 2653 timor,
984 2580 1041 2653 ira,
1058 2577 1211 2655 voluptas,
1256 2586 1290 2639 85

299 2662 423 2736 Gaudia,
448 2661 615 2737 discursus,
639 2662 731 2721 nostri
753 2661 872 2739 farrago
894 2662 987 2723 libelli
1011 2670 1064 2720 est.

299 2746 332 2807 uu
355 2744 473 2826 quando
496 2745 616 2805 uberior
637 2747 772 2806 vitiorum
796 2744 904 2825 copia?
926 2747 1039 2825 quando

298 2831 389 2892 llaior
412 2832 552 2890 avaritiae
574 2831 665 2907 patuit
685 2827 786 2889 sinus?
810 2831 875 2890 alea
898 2831 1011 2910 quando

299 2915 356 2976 llos
375 2914 510 2975 animosi
532 2932 629 2992 neque
652 2917 727 2974 enim
751 2914 856 2973 loculis
879 2915 1081 2976 comitantibus
1105 2918 1160 2975 itur

299 3000 341 3061 dd
367 3017 466 3059 casum
488 2998 621 3072 tabulae,
641 3002 737 3077 posita
759 2999 812 3058 sed
835 2998 943 3059 luditur
965 3019 1042 3059 arua.
1261 3010 1293 3059 tu

298 3083 414 3145 Proelia
437 3094 542 3162 quanta
563 3082 624 3142 illic
644 3084 850 3161 dispensatore
874 3084 986 3144 videbis

299 3168 470 3245 Armigero!
493 3166 656 3245 simplexne
677 3167 759 3227 luror
782 3170 919 3228 sestertia
942 3177 1056 3230 centum

299 3254 427 3313 Perdere
451 3261 480 3310 et
499 3252 630 3312 horrenti
653 3253 777 3312 tunicam
800 3270 857 3311 uon
880 3252 1005 3313 reddere
1029 3251 1139 3311 servo‘l

300 3338 368 3412 Quis
393 3336 515 3397 totidem
538 3337 633 3397 erexit
654 3337 756 3412 villas,
781 3337 844 3415 quis
865 3336 977 3397 fercula
1000 3345 1112 3414 septum

300 3423 424 3483 Secreto
448 3421 583 3481 coenavit
601 3418 696 3480 avus'l
717 3439 793 3480 nunu
813 3422 943 3500 sportula
967 3423 1058 3500 primu
1259 3427 1291 3478 95

301 3504 406 3567 limine
430 3523 521 3585 parva
542 3504 644 3580 sedet,
668 3505 770 3566 turbae
791 3505 929 3584 rapienda
953 3515 1085 3583 togatae:

300 3590 351 3651 llle
374 3600 471 3651 tamen
496 3589 601 3649 faciem
623 3591 703 3669 prius
724 3591 840 3669 inspicit
865 3599 893 3648 ct
915 3589 1056 3662 trepidat,
1083 3608 1117 3644 uo

302 3676 477 3753 Suppositus
501 3675 600 3734 venias
624 3691 659 3734 ac
677 3674 753 3735 falso
772 3677 887 3733 nomine
910 3691 1026 3751 poscas.

305 3761 421 3833 lenitus
443 3758 590 3835 accipies:
614 3759 694 3818 iubet
715 3776 731 3818 a
754 3777 902 3834 praecone
928 3756 1027 3816 vocari
1072 3837 1088 3870 ῃ

1050 3845 1057 3895 l
