3434 4575
537 470 877 532 EPIGRAMMATON
890 471 1020 538 LIBER.
1276 473 1297 540 5

705 622 794 701 xm,
816 626 846 684 o.

339 741 478 803 Venerat
491 741 640 820 Europen
653 741 792 802 fraterna
805 759 863 821 per
879 760 1012 821 aequora
1027 749 1149 806 taurus:

383 825 425 884 At
440 843 521 884 nunc
535 823 668 884 Alciden
683 830 789 884 taurus
802 826 835 883 ln
851 831 933 886 astra
947 825 1028 889 tulit.

341 909 483 970 Caesaris
498 914 590 988 atque
604 909 684 969 lovis
699 908 807 968 confer
820 928 917 988 nunc,
935 911 1030 988 fama,
1051 914 1212 973 iuvencos:

382 993 443 1051 Par
458 1012 535 1051 onus
548 997 583 1051 ut
596 991 745 1070 tulerint,
767 989 857 1052 altius
871 994 931 1053 iste
946 993 1029 1055 tulit.

730 1096 823 1188 xvii.
1036 1200 1040 1205 Α

340 1236 430 1313 Quod
443 1237 513 1317 pius
528 1242 561 1295 et
575 1234 705 1317 supplex
721 1235 849 1317 elephas
861 1244 912 1317 te,
935 1239 1064 1318 Caesar,
1085 1239 1194 1301 adorat

382 1321 442 1379 llic
457 1317 549 1380 modo
565 1321 617 1399 qui
635 1327 723 1381 tauro
740 1327 802 1381 tam
817 1321 1002 1383 metuendus
1018 1329 1101 1402 erat,

338 1405 407 1481 Non
421 1405 497 1463 lacit
510 1404 570 1463 hoc
586 1405 687 1464 iussus
701 1401 850 1484 nulloque
867 1404 1000 1467 docente
1015 1408 1177 1486 magistro:

381 1486 484 1548 Crede
499 1488 590 1565 mihi,
611 1494 750 1548 nostrum
764 1490 861 1549 sentit
875 1497 909 1550 et
921 1488 977 1551 ille
994 1490 1093 1553 deum.

598 1643 601 1648 ·
720 1622 826 1684 XVIII.

338 1735 491 1795 Lambere
509 1737 612 1796 securi
627 1735 767 1796 dextram
782 1743 930 1797 consueto
943 1737 1083 1817 magistri

382 1819 487 1898 Tigris
500 1822 536 1880 ah
552 1821 697 1898 Hyrcano
713 1817 811 1898 gloria
825 1841 895 1879 rara
909 1822 998 1898 iugo,

338 1903 435 1963 Saeva
449 1903 551 1964 ferum
563 1903 673 1964 rabido
688 1901 838 1963 laceravit
853 1903 948 1963 dente
961 1901 1101 1965 leonem:

380 1985 443 2046 Res
458 2007 552 2065 nova,
574 2006 637 2046 non
650 1986 722 2047 ullis
738 1988 861 2066 cognita
874 1988 1074 2067 temporibus.

315 2073 422 2132 5Ausa
437 2077 486 2130 ert
499 2068 563 2131 tale
576 2068 671 2149 nihil,
693 2070 777 2131 silvis
796 2069 868 2132 dum
881 2072 957 2132 vixit
969 2073 1003 2130 in
1017 2069 1104 2131 altis:

379 2154 547 2234 Postquam
560 2156 645 2215 inter
659 2175 716 2215 nos
731 2160 796 2233 est,
815 2153 888 2236 plus
904 2156 1038 2216 feritatis
1053 2155 1156 2217 habet.

733 2290 810 2353 XIX.

337 2400 398 2475 Qui
411 2397 502 2459 modo
517 2417 575 2479 per
590 2406 686 2461 totam
699 2403 828 2462 fiammis
843 2400 1016 2462 stimulatus
1030 2403 1177 2465 harenam

380 2480 557 2543 Sustulerat
570 2490 674 2565 raptas
688 2491 794 2546 taurus
811 2487 844 2545 in
859 2493 941 2546 astra
954 2484 1044 2567 pilas,

336 2566 489 2627 Occubuit
502 2566 627 2628 tandem
640 2588 736 2628 cornu
748 2571 872 2649 potiore
886 2571 1018 2649 petitus,

378 2651 457 2710 Ilum
471 2648 595 2711 facilem
612 2649 685 2712 tolli
699 2655 744 2713 sle
759 2650 924 2733 elephanta
937 2658 1035 2733 putat.

737 2786 803 2847 XX.

336 2895 413 2956 (ium
426 2902 552 2977 peteret
565 2916 636 2978 paru
651 2898 728 2957 haec
739 2898 907 2976 Myrinum,
922 2916 994 2976 pars
1009 2896 1065 2959 illa
1079 2898 1292 2980 Triumphum,

377 2978 524 3041 Promisit
539 2982 659 3060 pariter
673 2980 787 3041 Caesar
801 2988 932 3060 utraque
946 3000 1046 3046 manu.

335 3063 409 3130 Non„
418 3066 520 3144 potuit
535 3062 644 3123 melius
657 3062 746 3125 litem
759 3065 851 3125 finire
867 3066 1010 3125 iocosam.

378 3146 404 3205 0
420 3145 511 3207 dulce
524 3148 632 3208 invicti
645 3148 795 3228 principis
809 3149 981 3227 ingenium!
1068 3210 1071 3215 ,

729 3280 809 3341 XXI.

335 3390 492 3472 Quidquid
505 3394 541 3461 iu!
554 3392 681 3472 Orpheo
695 3388 847 3472 Rhodope
862 3397 1019 3471 spectasse
1034 3393 1157 3453 theatro

376 3476 512 3555 Dicitur,
534 3477 689 3553 exhibuit,
712 3476 842 3554 Caesar,
863 3476 978 3534 harena
992 3477 1059 3538 tibi.

334 3557 513 3638 Repserunt
528 3558 646 3640 scopuli
661 3558 861 3639 mirandaque
875 3558 951 3618 rilva
965 3558 1131 3636 cucurrit„

378 3641 475 3718 Quale
489 3642 586 3703 fuisse
602 3661 710 3704 nemus
726 3643 864 3704 creditur
878 3640 1096 3723 Hesperidum.

313 3725 436 3787 anuuit
450 3727 618 3787 immixtum
631 3728 740 3807 pecori
754 3746 851 3807 genus
867 3743 956 3786 omne
971 3724 1108 3785 ferarum
