3434 4575
441 517 481 583 to
773 529 808 581 n.
833 529 906 582 rora.
928 526 1116 580 ruvnuams

441 673 532 749 Quam
555 682 583 732 te
611 671 765 734 Thersitae
788 673 911 733 similem
934 673 1076 752 producat
1096 667 1240 733 Achilles

441 756 478 818 bt
500 765 612 833 tamen,
636 768 667 818 ut
689 757 778 836 longe
798 767 916 836 repetes
936 757 1084 836 longeque
1107 755 1246 817 revolvas

440 839 570 918 Nomen,
596 841 633 902 ab
653 842 750 903 infami
767 850 885 920 gentem
905 842 1027 905 deducis
1049 840 1148 917 asylo:

440 924 580 986 llaiorum
601 927 726 1006 primus,
750 926 881 1006 quisquis
902 928 956 988 luit
977 925 1044 1002 ille,
1065 935 1178 986 tuorum

442 1010 500 1070 Aut
520 1020 621 1090 pastor
645 1012 697 1072 luit
723 1019 771 1070 aot
789 1009 858 1070 illud
883 1012 960 1092 quod
983 1010 1084 1071 dicere
1106 1010 1185 1070 nolo.
1380 1019 1430 1076 ata

836 1209 1044 1218 -—-——-—--

781 1357 1085 1422 SATIRAIX.

440 1467 531 1564 Scire
553 1503 656 1578 velim,
679 1521 771 1584 quare
792 1505 881 1563 toties
902 1501 986 1577 mibi,
1010 1501 1164 1576 Naevole,
1188 1500 1277 1560 tristis

441 1588 586 1648 Occurras
607 1586 703 1648 fronte
727 1586 869 1664 obducta,
894 1605 949 1647 ceu
970 1584 1085 1661 llarsya
1105 1585 1210 1645 victos.

441 1670 515 1747 Quid
537 1669 589 1730 tibi
614 1689 679 1732 cum
699 1673 796 1748 vultu,
819 1670 935 1753 qualem
959 1670 1122 1749 deprensus
1142 1667 1270 1730 babebat

441 1755 568 1828 Revela,
592 1756 657 1816 doru
679 1755 840 1836 Rhodopes
857 1754 914 1817 uda
936 1755 1003 1815 terit
1025 1754 1140 1833 inguina
1163 1748 1275 1813 barba?

442 1839 502 1903 llos
526 1839 680 1920 colaphum
700 1843 852 1902 incutimus
876 1838 1012 1901 lambenti
1034 1837 1162 1900 crustula
1184 1853 1284 1898 servo.

445 1924 506 1986 lon
531 1933 595 1985 erat
616 1925 671 1987 bac
690 1926 766 1987 lucie
788 1924 982 1986 miserabilior
1005 1919 1183 2002 Crepereius

443 2008 551 2085 Pollio,
578 2011 626 2090 qui
647 2009 793 2091 triplicem
817 2026 931 2069 usuram
954 2016 1105 2088 praestare
1128 2015 1247 2085 paratus

443 2093 579 2156 circumit
604 2103 633 2154 et
654 2092 750 2155 fatuos
771 2111 829 2154 non
849 2094 967 2152 invenit.
1004 2089 1087 2153 Unde
1109 2098 1231 2170 repente

442 2178 499 2239 lot
518 2173 631 2256 rupae?
659 2186 741 2238 certe
762 2177 876 2238 modico
899 2184 1049 2236 contentus
1068 2174 1180 2252 agebas

441 2263 568 2324 Veroam
590 2262 734 2341 equitem,
757 2262 880 2323 conviva
902 2262 968 2322 ioco
995 2258 1145 2321 mordente
1170 2259 1285 2321 facetus
1398 2271 1432 2327 lo

442 2346 479 2408 Et
500 2345 610 2407 salibus
631 2345 791 2407 vehemens
811 2347 885 2407 intra
907 2346 1058 2425 pomoeria
1077 2345 1162 2405 natis.

442 2430 543 2492 Omnia
566 2447 642 2491 nunc
668 2439 784 2510 contra:
805 2430 901 2491 vultus
922 2431 1039 2508 pravis,
1062 2428 1179 2490 horrida
1202 2430 1303 2488 siccae

441 2514 521 2576 Silva
543 2529 661 2589 comae,
682 2514 777 2575 nullus
798 2524 858 2575 tota
881 2515 957 2574 nitor
977 2515 1005 2575 in
1025 2523 1107 2589 cute,
1132 2513 1246 2591 qualem

442 2598 550 2659 Bruttia
574 2597 741 2677 praestabat
761 2598 848 2659 calidi
867 2598 918 2660 tibi
939 2599 1030 2660 fascia
1052 2597 1136 2671 visci,

442 2682 501 2744 Sed
522 2681 675 2744 fruticante
697 2682 759 2762 pilo
781 2682 918 2761 neglecta
941 2692 970 2743 et
992 2682 1124 2762 squalida
1146 2699 1239 2742 crura.
1398 2692 1431 2745 lo

442 2765 517 2840 Quid
540 2767 649 2828 macies
668 2768 750 2846 aegri
773 2768 898 2843 veteris,
924 2786 1009 2848 quem
1031 2777 1163 2843 tempore
1185 2764 1275 2843 longo

442 2850 547 2911 Torret
570 2860 670 2930 quarta
696 2851 760 2912 dies
780 2852 907 2933 olimque
930 2852 1089 2913 domestica
1110 2848 1225 2909 lebris‘l

444 2934 616 3013 Deprendas
636 2936 720 2995 animi
746 2946 888 2997 tormenta
910 2936 1027 2997 latentis
1048 2936 1077 2995 iu
1096 2951 1188 3012 aegro

443 3018 593 3098 Corpore,
614 3018 778 3097 deprendas
798 3030 828 3081 et
848 3019 967 3099 qaudia3
991 3020 1076 3080 sumit
1097 3028 1248 3097 utrumque

443 3102 512 3163 lnde
534 3100 660 3162 habiturn
680 3103 782 3164 iacies.
816 3103 907 3183 lqitur
922 3104 1042 3166 flexisse
1062 3103 1170 3163 videris
1396 3112 1432 3164 tu

444 3187 626 3267 Propositum
651 3196 680 3247 et
701 3189 778 3248 vitae
801 3190 962 3249 contrarius
983 3189 1027 3249 ire
1052 3188 1152 3267 priori.

443 3270 543 3351 Nuper
562 3272 655 3347 enirn,
678 3280 708 3331 ut
729 3280 848 3351 repeto,
872 3272 967 3333 lanum
988 3272 1073 3333 lsidis
1092 3280 1122 3331 et
1142 3269 1336 3346 Ganymedem

443 3354 527 3415 Pacis
549 3364 579 3415 et
600 3355 743 3417 advectae
765 3365 882 3417 secreta
908 3357 1014 3435 palatia
1036 3356 1137 3416 blatris

445 3437 480 3498 lit
500 3436 640 3501 Cererem
661 3441 741 3519 (nam
764 3456 821 3520 quo
845 3457 903 3500 non
926 3449 1038 3519 prostat
1061 3440 1166 3508 femina
1187 3436 1335 3517 temploi)

444 3521 548 3583 Notior
571 3523 687 3584 Auidio
710 3523 850 3586 moechus
877 3522 1028 3585 scelerare
1051 3522 1183 3599 solebas,
1327 3554 1329 3559 ν
1396 3532 1430 3585 nb

444 3606 587 3686 Quodque
611 3617 710 3685 taces,
737 3610 819 3688 ipsos
844 3609 930 3669 etiam
952 3607 1092 3668 inclinare
1112 3608 1241 3669 maritos.

485 3688 587 3764 „Utile
607 3700 637 3752 et
658 3691 720 3754 boc·
735 3692 831 3754 multis
851 3700 930 3753 vrtae
951 3710 1060 3771 qenus3
1072 3701 1111 3753 at
1132 3690 1199 3752 mibi
1222 3689 1329 3751 nullum

444 3772 513 3834 lude
535 3789 647 3853 operae
668 3778 800 3855 pretium.
838 3776 965 3855 Pingues
986 3774 1140 3855 aliquando
1164 3774 1308 3843 lucernas,
