3434 4575
353 475 417 540 214
682 472 728 536 M.
744 474 836 536 VAL.
853 473 1079 534 MARTIALIS

837 625 915 687 LIX.

438 740 473 800 ln
487 739 591 819 Septis
605 740 762 800 Mamurra
777 738 829 799 diu
844 739 1034 818 multumque
1050 746 1196 819 vagatus,

480 824 541 883 Hic
555 825 609 882 uhi
623 822 719 883 Roma
734 844 802 883 suas
818 842 911 883 aurea
924 831 1014 884 vexat
1027 840 1122 903 opes,·

390 915 393 921 '
437 907 574 987 Inspexit
588 905 699 967 molles
713 927 827 987 pueros
843 906 1003 988 oculisque
1018 907 1173 980 comedit3

480 992 549 1051 Non
562 992 636 1069 hos,
656 1011 732 1070 quos
747 993 865 1072 primae
879 994 1069 1071 prostituere
1085 1010 1193 1070 casae,

414 1073 502 1137 aSed
518 1095 594 1154 qnos
610 1093 738 1135 arcanae
754 1082 879 1135 servant
893 1075 1028 1136 tabulata
1042 1083 1178 1136 catastae

481 1159 522 1220 ht
538 1179 614 1237 quos
629 1178 690 1218 non
704 1159 853 1239 populns,
874 1177 933 1218 nec
947 1178 1015 1219 mea
1031 1163 1123 1220 turha
1136 1159 1227 1223 videt

439 1241 516 1303 lude
531 1251 616 1302 satur
629 1262 750 1303 mensas
765 1251 798 1303 et
813 1250 940 1323 opertos
956 1246 1040 1303 exuit
1055 1246 1149 1304 orbes

480 1328 722 1406 Expositumque
740 1326 803 1386 alte
818 1329 933 1406 pingue
947 1328 1090 1406 poposcit
1105 1329 1201 1407 ebur,

438 1411 481 1470 nt
494 1410 703 1470 testudineum
719 1429 843 1470 mensus
858 1415 969 1489 quater
983 1407 1170 1471 hexaclinon

398 1506 432 1558 lo
479 1495 631 1572 Ingemuit
646 1496 725 1553 citro
740 1497 893 1577 nonsatis
909 1512 978 1553 esse
993 1513 1057 1554 suo.

439 1577 601 1638 Consuluit
616 1596 724 1655 nares,
747 1598 785 1638 an
800 1578 923 1639 olerent
938 1595 1010 1637 aera
1025 1578 1202 1639 Corinthon

400 1668 402 1672 '
481 1660 625 1741 Culpavit
638 1666 753 1722 statuas
769 1667 818 1738 et,
835 1660 1006 1740 Polyclito,
1027 1668 1096 1722 tuas

344 1741 346 1746 ’
437 1745 478 1806 Et
493 1747 616 1805 turbata
631 1746 719 1805 brevi
737 1754 863 1824 questus
878 1744 1057 1824 crystallina
1070 1747 1151 1806 vitro

481 1830 622 1889 Murrina
636 1831 766 1908 signavit
780 1835 980 1908 seposartqne
995 1829 1112 1889 decem.

397 1911 593 1992 lolhxpendit
607 1919 730 1973 veteres
749 1910 886 1972 calathos
902 1920 935 1971 et
949 1913 976 1972 si
992 1932 1050 1992 qua
1064 1913 1195 1972 fuerunt

478 1995 595 2056 Pocula
608 1996 774 2072 Mentorea
787 1994 952 2056 nobilitata
967 2015 1072 2072 mann,

435 2080 477 2140 Et
490 2079 606 2140 virides
620 2083 705 2159 picto
721 2099 854 2158 gemmas
870 2081 1042 2139 numeravit
1056 2080 1089 2138 in
1105 2099 1199 2158 auro,

479 2162 637 2242 Quidquid
652 2170 685 2223 et
698 2184 715 2222 a
729 2165 817 2224 nivea
831 2161 978 2242 grandius
994 2181 1067 2222 aure
1082 2170 1182 2225 sonat.

437 2246 651 2326 Sardonychas
666 2265 757 2308 veros
771 2265 877 2307 mensa
893 2247 1044 2327 quaesivit
1060 2247 1094 2307 in
1109 2247 1194 2308 omni

394 2340 429 2392 20
476 2332 518 2390 Et
532 2332 666 2411 pretinm
681 2333 797 2409 magnis
812 2332 889 2391 iecit
902 2331 1080 2411 iaspidlhur.

435 2414 605 2474 Undecima
618 2413 717 2474 lassus
732 2434 799 2474 cum
814 2417 874 2475 iam
889 2414 1067 2475 discederet
1080 2415 1158 2475 hora

478 2499 556 2557 Asse
572 2497 649 2557 duos
665 2497 778 2558 calices
793 2501 869 2558 emit
883 2500 997 2579 etipse
1011 2496 1093 2559 tulit.

838 2632 901 2694 LX.

436 2728 499 2790 Seu
515 2735 549 2790 tn
562 2729 722 2791 Paestanis
737 2731 841 2809 genita
855 2748 889 2789 es
908 2749 964 2790 seu
979 2730 1106 2789 Tiburis
1122 2731 1226 2810 arvis,

477 2813 540 2874 Seu
553 2815 659 2874 rubuit
673 2813 766 2874 tellus
784 2812 920 2874 Tuscula
934 2815 1013 2873 dore
1028 2818 1080 2873 tuo
1092 2835 1101 2887 ;

434 2896 497 2956 Seu
510 2897 715 2956 Praenestino
729 2903 761 2956 tc
776 2895 867 2957 vilica
880 2897 960 2975 legit
973 2898 1007 2956 in
1020 2897 1129 2973 horto,

476 2978 538 3040 Seu
556 2978 646 3038 modo
662 2979 808 3058 Campani
824 2980 922 3058 gloria
938 2981 1019 3040 ruris
1034 2999 1118 3039 eras:

411 3061 601 3124 5Pnlchrior
614 3070 649 3121 ut
662 3068 768 3121 nostro
783 3064 910 3124 videare
926 3084 1039 3123 corona
1053 3062 1187 3142 Sabino,

474 3147 521 3207 De
536 3146 728 3207 Nomentano
743 3152 775 3204 te
789 3152 879 3225 putet
895 3166 964 3207 esse
979 3165 1057 3207 meo.

832 3279 910 3343 LXI.

431 3378 465 3437 ln
483 3379 688 3440 Tartessiacis
703 3377 810 3438 domus
824 3384 874 3438 ert
887 3380 1045 3438 notissima
1059 3378 1173 3456 terris,

478 3461 544 3538 Qua
559 3462 645 3522 dives
659 3461 815 3542 placidum
830 3461 975 3522 Corduba
988 3461 1097 3519 Baetin
1112 3468 1198 3523 amat

430 3543 559 3605 Vellera
572 3548 675 3605 nativo
691 3544 812 3626 pallent
826 3545 879 3605 uhi
894 3545 970 3603 flava
984 3542 1107 3604 metallo

471 3628 514 3689 ht
526 3626 599 3689 linit
613 3631 800 3710 Hesperium
814 3630 940 3687 bractea
955 3629 1022 3687 viva
1037 3645 1154 3705 pecusg

409 3708 570 3771 §Aedibus
583 3715 617 3773 in
631 3713 740 3773 mediis
756 3717 839 3773 totos
853 3708 992 3791 amplexa
1006 3715 1138 3791 penates

262 3945 420 4043 A
