<?xml version="1.0" encoding="UTF-8"?>
<!DOCTYPE html PUBLIC "-//W3C//DTD XHTML 1.0 Transitional//EN"
    "http://www.w3.org/TR/xhtml1/DTD/xhtml1-transitional.dtd">
<html xmlns="http://www.w3.org/1999/xhtml" xml:lang="en" lang="en">
 <head>
  <title>
</title>
<meta http-equiv="Content-Type" content="text/html;charset=utf-8" />
  <meta name='ocr-system' content='tesseract 3.04.00' />
  <meta name='ocr-capabilities' content='ocr_page ocr_carea ocr_par ocr_line ocrx_word'/>
</head>
<body>
  <div class='ocr_page' id='page_1' title='image "./satirarumlibriq00juvegoog_0476.png"; bbox 0 0 3434 4575; ppageno 0'>
   <div class='ocr_carea' id='block_1_1' title="bbox 341 325 1061 391">
    <p class='ocr_par' dir='ltr' id='par_1_1' title="bbox 341 325 1061 391">
     <span class='ocr_line' id='line_1_1' title="bbox 341 325 1061 391; baseline -0.006 0"><span class='ocrx_word' id='word_1_1' title='bbox 341 326 404 391; x_wconf 78' lang='lat'><strong>272</strong></span> <span class='ocrx_word' id='word_1_2' title='bbox 664 326 709 387; x_wconf 81' lang='lat' dir='ltr'><strong>M.</strong></span> <span class='ocrx_word' id='word_1_3' title='bbox 724 325 816 387; x_wconf 85' lang='lat' dir='ltr'>VAL.</span> <span class='ocrx_word' id='word_1_4' title='bbox 832 325 1061 387; x_wconf 82' lang='lat' dir='ltr'><strong>MARTIALIS</strong></span> 
     </span>
    </p>
   </div>
   <div class='ocr_carea' id='block_1_2' title="bbox 384 475 1313 1145">
    <p class='ocr_par' dir='ltr' id='par_1_2' title="bbox 426 475 1013 557">
     <span class='ocr_line' id='line_1_2' title="bbox 426 475 1013 557; baseline -0.007 -16"><span class='ocrx_word' id='word_1_5' title='bbox 426 481 469 542; x_wconf 85' lang='lat' dir='ltr'><strong>Et</strong></span> <span class='ocrx_word' id='word_1_6' title='bbox 481 498 557 540; x_wconf 76' lang='lat' dir='ltr'><strong>soce</strong></span> <span class='ocrx_word' id='word_1_7' title='bbox 573 484 658 539; x_wconf 88' lang='lat' dir='ltr'><strong>certa</strong></span> <span class='ocrx_word' id='word_1_8' title='bbox 672 479 856 555; x_wconf 78' lang='lat' dir='ltr'><strong>consciaque</strong></span> <span class='ocrx_word' id='word_1_9' title='bbox 871 475 1013 557; x_wconf 83' lang='lat' dir='ltr'><strong>dicebat,</strong></span> 
     </span>
    </p>

    <p class='ocr_par' dir='ltr' id='par_1_3' title="bbox 426 561 1091 643">
     <span class='ocr_line' id='line_1_3' title="bbox 426 561 1091 643; baseline -0.003 -19"><span class='ocrx_word' id='word_1_10' title='bbox 426 565 509 625; x_wconf 89' lang='lat' dir='ltr'><strong>Puer</strong></span> <span class='ocrx_word' id='word_1_11' title='bbox 525 584 563 622; x_wconf 87' lang='lat' dir='ltr'><strong>an</strong></span> <span class='ocrx_word' id='word_1_12' title='bbox 576 561 681 643; x_wconf 86' lang='lat' dir='ltr'><strong>puella</strong></span> <span class='ocrx_word' id='word_1_13' title='bbox 694 563 801 637; x_wconf 76' lang='lat' dir='ltr'><strong>matris</strong></span> <span class='ocrx_word' id='word_1_14' title='bbox 816 567 900 621; x_wconf 86' lang='lat' dir='ltr'><strong>esset</strong></span> <span class='ocrx_word' id='word_1_15' title='bbox 910 563 943 621; x_wconf 92' lang='lat' dir='ltr'><strong>in</strong></span> <span class='ocrx_word' id='word_1_16' title='bbox 960 569 1091 622; x_wconf 87' lang='lat' dir='ltr'><strong>ventre:</strong></span> 
     </span>
    </p>

    <p class='ocr_par' dir='ltr' id='par_1_4' title="bbox 384 646 1313 809">
     <span class='ocr_line' id='line_1_4' title="bbox 426 646 1313 725; baseline 0.007 -18"><span class='ocrx_word' id='word_1_17' title='bbox 426 646 625 707; x_wconf 86' lang='lat' dir='ltr'><strong>-Gaudete</strong></span> <span class='ocrx_word' id='word_1_18' title='bbox 642 646 754 720; x_wconf 86' lang='lat' dir='ltr'><strong>cunni;¹</strong></span> <span class='ocrx_word' id='word_1_19' title='bbox 771 652 875 705; x_wconf 80' lang='lat' dir='ltr'><strong>restra</strong></span> <span class='ocrx_word' id='word_1_20' title='bbox 891 664 1023 725; x_wconf 88' lang='lat' dir='ltr'><strong>namque</strong></span> <span class='ocrx_word' id='word_1_21' title='bbox 1038 665 1093 706; x_wconf 86' lang='lat' dir='ltr'><strong>res</strong></span> <span class='ocrx_word' id='word_1_22' title='bbox 1111 656 1187 711; x_wconf 88' lang='lat' dir='ltr'><strong>aeta</strong></span> <span class='ocrx_word' id='word_1_23' title='bbox 1204 659 1258 713; x_wconf 90' lang='lat' dir='ltr'><strong>est</strong></span> <span class='ocrx_word' id='word_1_24' title='bbox 1270 688 1313 700; x_wconf 87' lang='lat'>-</span> 
     </span>
     <span class='ocr_line' id='line_1_5' title="bbox 384 730 1130 809; baseline 0 -16"><span class='ocrx_word' id='word_1_25' title='bbox 384 741 419 795; x_wconf 86' lang='lat' dir='ltr'><strong>lo</strong></span> <span class='ocrx_word' id='word_1_26' title='bbox 425 732 576 809; x_wconf 82' lang='lat' dir='ltr'><strong>Arrigere</strong></span> <span class='ocrx_word' id='word_1_27' title='bbox 590 730 723 808; x_wconf 82' lang='lat' dir='ltr'><strong>linguam</strong></span> <span class='ocrx_word' id='word_1_28' title='bbox 737 748 800 787; x_wconf 92' lang='lat' dir='ltr'><strong>non</strong></span> <span class='ocrx_word' id='word_1_29' title='bbox 814 734 919 808; x_wconf 88' lang='lat' dir='ltr'><strong>potest</strong></span> <span class='ocrx_word' id='word_1_30' title='bbox 933 730 1130 793; x_wconf 85' lang='lat' dir='ltr'><strong>fututrieem.</strong></span> 
     </span>
    </p>

    <p class='ocr_par' dir='ltr' id='par_1_5' title="bbox 425 813 1149 876">
     <span class='ocr_line' id='line_1_6' title="bbox 425 813 1149 876; baseline 0.001 -1"><span class='ocrx_word' id='word_1_31' title='bbox 425 814 503 875; x_wconf 82' lang='lat' dir='ltr'><strong>Nam</strong></span> <span class='ocrx_word' id='word_1_32' title='bbox 518 813 588 874; x_wconf 91' lang='lat' dir='ltr'><strong>dum</strong></span> <span class='ocrx_word' id='word_1_33' title='bbox 603 813 735 873; x_wconf 89' lang='lat' dir='ltr'><strong>tumenti</strong></span> <span class='ocrx_word' id='word_1_34' title='bbox 750 830 870 872; x_wconf 89' lang='lat' dir='ltr'><strong>mersus</strong></span> <span class='ocrx_word' id='word_1_35' title='bbox 883 814 994 872; x_wconf 79' lang='lat' dir='ltr'><strong>haeret</strong></span> <span class='ocrx_word' id='word_1_36' title='bbox 1007 815 1041 872; x_wconf 90' lang='lat' dir='ltr'><strong>in</strong></span> <span class='ocrx_word' id='word_1_37' title='bbox 1055 813 1149 876; x_wconf 80' lang='lat' dir='ltr'><strong>vulva</strong></span> 
     </span>
    </p>

    <p class='ocr_par' dir='ltr' id='par_1_6' title="bbox 415 895 1000 975">
     <span class='ocr_line' id='line_1_7' title="bbox 415 895 1000 975; baseline -0.002 -18"><span class='ocrx_word' id='word_1_38' title='bbox 415 899 468 958; x_wconf 39' lang='lat' dir='ltr'><strong>‘Et</strong></span> <span class='ocrx_word' id='word_1_39' title='bbox 482 899 639 975; x_wconf 81' lang='lat' dir='ltr'><strong>vagientes</strong></span> <span class='ocrx_word' id='word_1_40' title='bbox 652 899 736 956; x_wconf 92' lang='lat' dir='ltr'><strong>intus</strong></span> <span class='ocrx_word' id='word_1_41' title='bbox 750 895 836 955; x_wconf 92' lang='lat' dir='ltr'><strong>audit</strong></span> <span class='ocrx_word' id='word_1_42' title='bbox 848 897 1000 973; x_wconf 78' lang='lat' dir='ltr'><strong>inientes,</strong></span> 
     </span>
    </p>

    <p class='ocr_par' dir='ltr' id='par_1_7' title="bbox 426 978 1127 1062">
     <span class='ocr_line' id='line_1_8' title="bbox 426 978 1127 1062; baseline 0.003 -20"><span class='ocrx_word' id='word_1_43' title='bbox 426 982 550 1042; x_wconf 89' lang='lat' dir='ltr'><strong>Partem</strong></span> <span class='ocrx_word' id='word_1_44' title='bbox 568 979 705 1062; x_wconf 80' lang='lat' dir='ltr'><strong>gulosam</strong></span> <span class='ocrx_word' id='word_1_45' title='bbox 718 978 809 1039; x_wconf 79' lang='lat' dir='ltr'><strong>solvit</strong></span> <span class='ocrx_word' id='word_1_46' title='bbox 822 979 971 1040; x_wconf 79' lang='lat' dir='ltr'><strong>indecens</strong></span> <span class='ocrx_word' id='word_1_47' title='bbox 985 981 1127 1045; x_wconf 82' lang='lat' dir='ltr'><strong>morbus.</strong></span> 
     </span>
    </p>

    <p class='ocr_par' dir='ltr' id='par_1_8' title="bbox 428 1065 1145 1145">
     <span class='ocr_line' id='line_1_9' title="bbox 428 1065 1145 1145; baseline -0.001 -21"><span class='ocrx_word' id='word_1_48' title='bbox 428 1065 493 1124; x_wconf 87' lang='lat' dir='ltr'><strong>Nec</strong></span> <span class='ocrx_word' id='word_1_49' title='bbox 507 1084 603 1145; x_wconf 85' lang='lat' dir='ltr'><strong>purus</strong></span> <span class='ocrx_word' id='word_1_50' title='bbox 617 1083 687 1125; x_wconf 80' lang='lat' dir='ltr'><strong>esse</strong></span> <span class='ocrx_word' id='word_1_51' title='bbox 700 1083 781 1123; x_wconf 90' lang='lat' dir='ltr'><strong>nnnc</strong></span> <span class='ocrx_word' id='word_1_52' title='bbox 796 1069 902 1143; x_wconf 79' lang='lat' dir='ltr'><strong>potest</strong></span> <span class='ocrx_word' id='word_1_53' title='bbox 917 1082 977 1123; x_wconf 90' lang='lat' dir='ltr'><strong>nee</strong></span> <span class='ocrx_word' id='word_1_54' title='bbox 989 1065 1145 1144; x_wconf 85' lang='lat' dir='ltr'><strong>impurus.</strong></span> 
     </span>
    </p>
   </div>
   <div class='ocr_carea' id='block_1_3' title="bbox 819 1209 911 1269">
    <p class='ocr_par' dir='ltr' id='par_1_9' title="bbox 819 1209 911 1269">
     <span class='ocr_line' id='line_1_10' title="bbox 819 1209 911 1269; baseline 0.011 -1"><span class='ocrx_word' id='word_1_55' title='bbox 819 1209 911 1269; x_wconf 68' lang='grc' dir='ltr'><strong>[ΧΗ.</strong></span> 
     </span>
    </p>
   </div>
   <div class='ocr_carea' id='block_1_4' title="bbox 428 1322 1266 1481">
    <p class='ocr_par' dir='ltr' id='par_1_10' title="bbox 428 1322 1266 1481">
     <span class='ocr_line' id='line_1_11' title="bbox 428 1322 1213 1401; baseline 0.01 -20"><span class='ocrx_word' id='word_1_56' title='bbox 428 1323 540 1383; x_wconf 79' lang='lat' dir='ltr'><strong>Lesbia</strong></span> <span class='ocrx_word' id='word_1_57' title='bbox 554 1342 588 1382; x_wconf 90' lang='lat' dir='ltr'><strong>se</strong></span> <span class='ocrx_word' id='word_1_58' title='bbox 603 1324 684 1382; x_wconf 90' lang='lat' dir='ltr'><strong>iurat</strong></span> <span class='ocrx_word' id='word_1_59' title='bbox 697 1323 792 1399; x_wconf 79' lang='lat' dir='ltr'><strong>gratis</strong></span> <span class='ocrx_word' id='word_1_60' title='bbox 806 1340 960 1401; x_wconf 86' lang='lat' dir='ltr'><strong>nunquam</strong></span> <span class='ocrx_word' id='word_1_61' title='bbox 974 1339 1046 1380; x_wconf 86' lang='lat' dir='ltr'><strong>esse</strong></span> <span class='ocrx_word' id='word_1_62' title='bbox 1060 1322 1213 1390; x_wconf 86' lang='lat' dir='ltr'><strong>fututam.</strong></span> 
     </span>
     <span class='ocr_line' id='line_1_12' title="bbox 470 1403 1266 1481; baseline 0.005 -14"><span class='ocrx_word' id='word_1_63' title='bbox 470 1408 587 1468; x_wconf 82' lang='lat' dir='ltr'><strong>Verum</strong></span> <span class='ocrx_word' id='word_1_64' title='bbox 602 1412 660 1466; x_wconf 83' lang='lat' dir='ltr'><strong>est.</strong></span> <span class='ocrx_word' id='word_1_65' title='bbox 691 1405 767 1466; x_wconf 79' lang='lat' dir='ltr'><strong>Cum</strong></span> <span class='ocrx_word' id='word_1_66' title='bbox 781 1406 862 1466; x_wconf 81' lang='lat' dir='ltr'><strong>futui</strong></span> <span class='ocrx_word' id='word_1_67' title='bbox 877 1403 956 1481; x_wconf 87' lang='lat' dir='ltr'><strong>volt,</strong></span> <span class='ocrx_word' id='word_1_68' title='bbox 975 1422 1148 1469; x_wconf 89' lang='lat' dir='ltr'><strong>numerare</strong></span> <span class='ocrx_word' id='word_1_69' title='bbox 1165 1410 1266 1474; x_wconf 90' lang='lat' dir='ltr'><strong>solet.</strong></span> 
     </span>
    </p>
   </div>
   <div class='ocr_carea' id='block_1_5' title="bbox 812 1554 915 1614">
    <p class='ocr_par' dir='ltr' id='par_1_11' title="bbox 812 1554 915 1614">
     <span class='ocr_line' id='line_1_13' title="bbox 812 1554 915 1614; baseline 0.01 -1"><span class='ocrx_word' id='word_1_70' title='bbox 812 1554 915 1614; x_wconf 89' lang='lat' dir='ltr'><strong>LXlll.</strong></span> 
     </span>
    </p>
   </div>
   <div class='ocr_carea' id='block_1_6' title="bbox 406 1668 1126 2086">
    <p class='ocr_par' dir='ltr' id='par_1_12' title="bbox 427 1668 1126 1837">
     <span class='ocr_line' id='line_1_14' title="bbox 429 1668 1126 1753; baseline 0.001 -20"><span class='ocrx_word' id='word_1_71' title='bbox 429 1673 558 1753; x_wconf 75' lang='lat' dir='ltr'><strong>Spectas</strong></span> <span class='ocrx_word' id='word_1_72' title='bbox 575 1691 650 1750; x_wconf 89' lang='lat' dir='ltr'><strong>nos,</strong></span> <span class='ocrx_word' id='word_1_73' title='bbox 668 1670 865 1748; x_wconf 90' lang='lat' dir='ltr'><strong>Philomuse,</strong></span> <span class='ocrx_word' id='word_1_74' title='bbox 888 1689 954 1730; x_wconf 91' lang='lat' dir='ltr'><strong>eum</strong></span> <span class='ocrx_word' id='word_1_75' title='bbox 968 1668 1126 1753; x_wconf 88' lang='lat' dir='ltr'><strong>lavamur,</strong></span> 
     </span>
     <span class='ocr_line' id='line_1_15' title="bbox 427 1756 921 1837; baseline -0.01 -19"><span class='ocrx_word' id='word_1_76' title='bbox 427 1757 470 1818; x_wconf 85' lang='lat' dir='ltr'><strong>Et</strong></span> <span class='ocrx_word' id='word_1_77' title='bbox 485 1775 579 1837; x_wconf 84' lang='lat' dir='ltr'><strong>quare</strong></span> <span class='ocrx_word' id='word_1_78' title='bbox 595 1757 669 1817; x_wconf 83' lang='lat' dir='ltr'><strong>mihi</strong></span> <span class='ocrx_word' id='word_1_79' title='bbox 683 1762 744 1816; x_wconf 84' lang='lat' dir='ltr'><strong>tam</strong></span> <span class='ocrx_word' id='word_1_80' title='bbox 758 1756 921 1814; x_wconf 86' lang='lat' dir='ltr'><strong>mutuniati</strong></span> 
     </span>
    </p>

    <p class='ocr_par' dir='ltr' id='par_1_13' title="bbox 406 1837 1124 2086">
     <span class='ocr_line' id='line_1_16' title="bbox 429 1837 1124 1920; baseline -0.007 -19"><span class='ocrx_word' id='word_1_81' title='bbox 429 1842 499 1902; x_wconf 90' lang='lat' dir='ltr'><strong>Sint</strong></span> <span class='ocrx_word' id='word_1_82' title='bbox 511 1840 598 1902; x_wconf 82' lang='lat' dir='ltr'><strong>leves</strong></span> <span class='ocrx_word' id='word_1_83' title='bbox 612 1841 718 1920; x_wconf 83' lang='lat' dir='ltr'><strong>pueri,</strong></span> <span class='ocrx_word' id='word_1_84' title='bbox 740 1837 871 1899; x_wconf 79' lang='lat' dir='ltr'><strong>subinde</strong></span> <span class='ocrx_word' id='word_1_85' title='bbox 887 1839 1019 1918; x_wconf 86' lang='lat' dir='ltr'><strong>quaeris.</strong></span> <span class='ocrx_word' id='word_1_86' title='bbox 1116 1845 1124 1852; x_wconf 84' lang='lat'>&#39;</span> 
     </span>
     <span class='ocr_line' id='line_1_17' title="bbox 428 1923 954 2005; baseline -0.011 -19"><span class='ocrx_word' id='word_1_87' title='bbox 428 1925 534 1988; x_wconf 87' lang='lat' dir='ltr'><strong>Dicam</strong></span> <span class='ocrx_word' id='word_1_88' title='bbox 548 1923 733 2005; x_wconf 87' lang='lat' dir='ltr'><strong>simpliciter</strong></span> <span class='ocrx_word' id='word_1_89' title='bbox 746 1924 804 1983; x_wconf 88' lang='lat' dir='ltr'><strong>tibi</strong></span> <span class='ocrx_word' id='word_1_90' title='bbox 817 1923 954 2001; x_wconf 84' lang='lat' dir='ltr'><strong>roganti:</strong></span> 
     </span>
     <span class='ocr_line' id='line_1_18' title="bbox 406 2006 996 2086; baseline -0.007 -16"><span class='ocrx_word' id='word_1_91' title='bbox 406 2009 612 2086; x_wconf 85' lang='lat' dir='ltr'><strong>5Paedieant,</strong></span> <span class='ocrx_word' id='word_1_92' title='bbox 634 2006 829 2085; x_wconf 85' lang='lat' dir='ltr'><strong>Philomuse,</strong></span> <span class='ocrx_word' id='word_1_93' title='bbox 852 2007 996 2066; x_wconf 88' lang='lat' dir='ltr'><strong>curiosos.</strong></span> 
     </span>
    </p>
   </div>
   <div class='ocr_carea' id='block_1_7' title="bbox 813 2152 919 2216">
    <p class='ocr_par' dir='ltr' id='par_1_14' title="bbox 813 2152 919 2216">
     <span class='ocr_line' id='line_1_19' title="bbox 813 2152 919 2216; baseline 0.057 -6"><span class='ocrx_word' id='word_1_94' title='bbox 813 2152 919 2216; x_wconf 84' lang='lat' dir='ltr'><strong>LXIV.</strong></span> 
     </span>
    </p>
   </div>
   <div class='ocr_carea' id='block_1_8' title="bbox 426 2263 1303 2432">
    <p class='ocr_par' dir='ltr' id='par_1_15' title="bbox 426 2263 1303 2432">
     <span class='ocr_line' id='line_1_20' title="bbox 426 2263 1303 2356; baseline 0.005 -30"><span class='ocrx_word' id='word_1_95' title='bbox 426 2264 539 2326; x_wconf 86' lang='lat' dir='ltr'><strong>Nescio</strong></span> <span class='ocrx_word' id='word_1_96' title='bbox 557 2269 618 2324; x_wconf 86' lang='lat' dir='ltr'><strong>tam</strong></span> <span class='ocrx_word' id='word_1_97' title='bbox 633 2263 737 2325; x_wconf 87' lang='lat' dir='ltr'><strong>multis</strong></span> <span class='ocrx_word' id='word_1_98' title='bbox 753 2264 827 2346; x_wconf 87' lang='lat' dir='ltr'><strong>quid</strong></span> <span class='ocrx_word' id='word_1_99' title='bbox 842 2269 976 2346; x_wconf 86' lang='lat' dir='ltr'><strong>scribas,</strong></span> <span class='ocrx_word' id='word_1_100' title='bbox 996 2265 1135 2351; x_wconf 81' lang='lat' dir='ltr'><strong>Fauste,</strong></span> <span class='ocrx_word' id='word_1_101' title='bbox 1157 2276 1303 2356; x_wconf 58' lang='lat' dir='ltr'><strong>puelli„</strong></span> 
     </span>
     <span class='ocr_line' id='line_1_21' title="bbox 469 2348 1174 2432; baseline 0.02 -25"><span class='ocrx_word' id='word_1_102' title='bbox 469 2348 538 2409; x_wconf 86' lang='lat' dir='ltr'><strong>Hoc</strong></span> <span class='ocrx_word' id='word_1_103' title='bbox 554 2351 635 2427; x_wconf 89' lang='lat' dir='ltr'><strong>seio,</strong></span> <span class='ocrx_word' id='word_1_104' title='bbox 658 2349 741 2429; x_wconf 89' lang='lat' dir='ltr'><strong>quod</strong></span> <span class='ocrx_word' id='word_1_105' title='bbox 755 2352 866 2411; x_wconf 83' lang='lat' dir='ltr'><strong>scribit</strong></span> <span class='ocrx_word' id='word_1_106' title='bbox 881 2352 966 2413; x_wconf 86' lang='lat' dir='ltr'><strong>nulla</strong></span> <span class='ocrx_word' id='word_1_107' title='bbox 977 2351 1086 2432; x_wconf 86' lang='lat' dir='ltr'><strong>puella</strong></span> <span class='ocrx_word' id='word_1_108' title='bbox 1102 2358 1174 2421; x_wconf 88' lang='lat' dir='ltr'><strong>tibi.</strong></span> 
     </span>
    </p>
   </div>
   <div class='ocr_carea' id='block_1_9' title="bbox 812 2499 906 2563">
    <p class='ocr_par' dir='ltr' id='par_1_16' title="bbox 812 2499 906 2563">
     <span class='ocr_line' id='line_1_22' title="bbox 812 2499 906 2563; baseline 0.011 -4"><span class='ocrx_word' id='word_1_109' title='bbox 812 2499 906 2563; x_wconf 86' lang='lat' dir='ltr'><strong>LXV.</strong></span> 
     </span>
    </p>
   </div>
   <div class='ocr_carea' id='block_1_10' title="bbox 405 2609 1275 3108">
    <p class='ocr_par' dir='ltr' id='par_1_17' title="bbox 405 2609 1275 3108">
     <span class='ocr_line' id='line_1_23' title="bbox 429 2609 1073 2695; baseline 0.008 -24"><span class='ocrx_word' id='word_1_110' title='bbox 429 2609 571 2671; x_wconf 87' lang='lat' dir='ltr'><strong>Sescenti</strong></span> <span class='ocrx_word' id='word_1_111' title='bbox 586 2616 698 2670; x_wconf 85' lang='lat' dir='ltr'><strong>cenant</strong></span> <span class='ocrx_word' id='word_1_112' title='bbox 713 2631 730 2671; x_wconf 86' lang='lat' dir='ltr'><strong>a</strong></span> <span class='ocrx_word' id='word_1_113' title='bbox 745 2618 795 2691; x_wconf 93' lang='lat' dir='ltr'><strong>te,</strong></span> <span class='ocrx_word' id='word_1_114' title='bbox 818 2613 950 2695; x_wconf 85' lang='lat' dir='ltr'><strong>iustine,</strong></span> <span class='ocrx_word' id='word_1_115' title='bbox 972 2617 1073 2676; x_wconf 88' lang='lat' dir='ltr'><strong>vocati</strong></span> 
     </span>
     <span class='ocr_line' id='line_1_24' title="bbox 468 2692 1129 2780; baseline 0.009 -25"><span class='ocrx_word' id='word_1_116' title='bbox 468 2695 561 2755; x_wconf 88' lang='lat' dir='ltr'><strong>Lucis</strong></span> <span class='ocrx_word' id='word_1_117' title='bbox 576 2692 615 2753; x_wconf 86' lang='lat' dir='ltr'><strong>ad</strong></span> <span class='ocrx_word' id='word_1_118' title='bbox 630 2695 764 2755; x_wconf 87' lang='lat' dir='ltr'><strong>officium</strong></span> <span class='ocrx_word' id='word_1_119' title='bbox 779 2717 857 2776; x_wconf 84' lang='lat' dir='ltr'><strong>quac</strong></span> <span class='ocrx_word' id='word_1_120' title='bbox 872 2701 931 2760; x_wconf 86' lang='lat' dir='ltr'><strong>tibi</strong></span> <span class='ocrx_word' id='word_1_121' title='bbox 945 2699 1044 2780; x_wconf 84' lang='lat' dir='ltr'><strong>prima</strong></span> <span class='ocrx_word' id='word_1_122' title='bbox 1057 2700 1129 2761; x_wconf 78' lang='lat' dir='ltr'><strong>fuit.</strong></span> 
     </span>
     <span class='ocr_line' id='line_1_25' title="bbox 425 2779 1275 2869; baseline 0.019 -31"><span class='ocrx_word' id='word_1_123' title='bbox 425 2779 511 2838; x_wconf 88' lang='lat' dir='ltr'><strong>Inter</strong></span> <span class='ocrx_word' id='word_1_124' title='bbox 529 2797 623 2857; x_wconf 87' lang='lat' dir='ltr'><strong>quos,</strong></span> <span class='ocrx_word' id='word_1_125' title='bbox 644 2782 784 2859; x_wconf 86' lang='lat' dir='ltr'><strong>memini,</strong></span> <span class='ocrx_word' id='word_1_126' title='bbox 805 2801 867 2841; x_wconf 92' lang='lat' dir='ltr'><strong>non</strong></span> <span class='ocrx_word' id='word_1_127' title='bbox 882 2781 1007 2844; x_wconf 89' lang='lat' dir='ltr'><strong>ultimus</strong></span> <span class='ocrx_word' id='word_1_128' title='bbox 1023 2802 1094 2844; x_wconf 80' lang='lat' dir='ltr'><strong>esse</strong></span> <span class='ocrx_word' id='word_1_129' title='bbox 1108 2786 1275 2869; x_wconf 70' lang='lat' dir='ltr'><strong>solebam,</strong></span> 
     </span>
     <span class='ocr_line' id='line_1_26' title="bbox 468 2858 1078 2929; baseline 0.015 -9"><span class='ocrx_word' id='word_1_130' title='bbox 468 2861 533 2920; x_wconf 89' lang='lat' dir='ltr'><strong>Nec</strong></span> <span class='ocrx_word' id='word_1_131' title='bbox 546 2858 635 2920; x_wconf 90' lang='lat' dir='ltr'><strong>locus</strong></span> <span class='ocrx_word' id='word_1_132' title='bbox 649 2862 700 2923; x_wconf 86' lang='lat' dir='ltr'><strong>hio</strong></span> <span class='ocrx_word' id='word_1_133' title='bbox 714 2867 803 2925; x_wconf 89' lang='lat' dir='ltr'><strong>nobis</strong></span> <span class='ocrx_word' id='word_1_134' title='bbox 816 2866 985 2927; x_wconf 84' lang='lat' dir='ltr'><strong>invidiosus</strong></span> <span class='ocrx_word' id='word_1_135' title='bbox 999 2873 1078 2929; x_wconf 89' lang='lat' dir='ltr'><strong>erat.</strong></span> 
     </span>
     <span class='ocr_line' id='line_1_27' title="bbox 405 2943 1230 3017; baseline 0.016 -12"><span class='ocrx_word' id='word_1_136' title='bbox 405 2943 561 3005; x_wconf 76' lang='lat' dir='ltr'><strong>bPostera</strong></span> <span class='ocrx_word' id='word_1_137' title='bbox 574 2943 630 3004; x_wconf 87' lang='lat' dir='ltr'><strong>sed</strong></span> <span class='ocrx_word' id='word_1_138' title='bbox 643 2946 743 3007; x_wconf 82' lang='lat' dir='ltr'><strong>festae</strong></span> <span class='ocrx_word' id='word_1_139' title='bbox 755 2947 862 3009; x_wconf 85' lang='lat' dir='ltr'><strong>reddis</strong></span> <span class='ocrx_word' id='word_1_140' title='bbox 871 2948 1042 3012; x_wconf 83' lang='lat' dir='ltr'><strong>&#39;sollemnia</strong></span> <span class='ocrx_word' id='word_1_141' title='bbox 1053 2971 1202 3017; x_wconf 71' lang='lat' dir='ltr'><strong>mensaez</strong></span> <span class='ocrx_word' id='word_1_142' title='bbox 1223 2998 1230 3005; x_wconf 90' lang='lat'><em>-</em></span> 
     </span>
     <span class='ocr_line' id='line_1_28' title="bbox 469 3026 1125 3108; baseline 0.018 -23"><span class='ocrx_word' id='word_1_143' title='bbox 469 3026 626 3088; x_wconf 86' lang='lat' dir='ltr'><strong>Sescentis</strong></span> <span class='ocrx_word' id='word_1_144' title='bbox 641 3029 751 3108; x_wconf 89' lang='lat' dir='ltr'><strong>hodie,</strong></span> <span class='ocrx_word' id='word_1_145' title='bbox 773 3053 841 3092; x_wconf 83' lang='lat' dir='ltr'><strong>crus</strong></span> <span class='ocrx_word' id='word_1_146' title='bbox 855 3035 931 3094; x_wconf 90' lang='lat' dir='ltr'><strong>mihi</strong></span> <span class='ocrx_word' id='word_1_147' title='bbox 946 3039 1036 3094; x_wconf 89' lang='lat' dir='ltr'><strong>natus</strong></span> <span class='ocrx_word' id='word_1_148' title='bbox 1052 3038 1125 3098; x_wconf 90' lang='lat' dir='ltr'><strong>eris.</strong></span> 
     </span>
    </p>
   </div>
   <div class='ocr_carea' id='block_1_11' title="bbox 352 3182 916 3263">
    <p class='ocr_par' dir='ltr' id='par_1_18' title="bbox 352 3182 916 3263">
     <span class='ocr_line' id='line_1_29' title="bbox 352 3182 916 3263; baseline 0.014 -25"><span class='ocrx_word' id='word_1_149' title='bbox 352 3221 374 3263; x_wconf 76' lang='grc'><em>,</em></span> <span class='ocrx_word' id='word_1_150' title='bbox 808 3182 916 3246; x_wconf 84' lang='lat' dir='ltr'><strong>nxvr.</strong></span> 
     </span>
    </p>
   </div>
   <div class='ocr_carea' id='block_1_12' title="bbox 423 3292 968 3529">
    <p class='ocr_par' dir='ltr' id='par_1_19' title="bbox 423 3292 968 3529">
     <span class='ocr_line' id='line_1_30' title="bbox 423 3292 930 3379; baseline 0.016 -26"><span class='ocrx_word' id='word_1_151' title='bbox 423 3292 465 3353; x_wconf 79' lang='lat' dir='ltr'><strong>Et</strong></span> <span class='ocrx_word' id='word_1_152' title='bbox 482 3292 602 3354; x_wconf 85' lang='lat' dir='ltr'><strong>delator</strong></span> <span class='ocrx_word' id='word_1_153' title='bbox 617 3303 698 3358; x_wconf 83' lang='lat' dir='ltr'><strong>eset</strong></span> <span class='ocrx_word' id='word_1_154' title='bbox 713 3296 930 3379; x_wconf 74' lang='lat' dir='ltr'><strong>calumniator,</strong></span> 
     </span>
     <span class='ocr_line' id='line_1_31' title="bbox 423 3376 943 3462; baseline 0.017 -27"><span class='ocrx_word' id='word_1_155' title='bbox 423 3376 469 3436; x_wconf 85' lang='lat' dir='ltr'><strong>Et</strong></span> <span class='ocrx_word' id='word_1_156' title='bbox 477 3378 636 3441; x_wconf 82' lang='lat' dir='ltr'><strong>fraudator</strong></span> <span class='ocrx_word' id='word_1_157' title='bbox 651 3400 685 3440; x_wconf 92' lang='lat' dir='ltr'><strong>es</strong></span> <span class='ocrx_word' id='word_1_158' title='bbox 703 3387 736 3441; x_wconf 94' lang='lat' dir='ltr'><strong>et</strong></span> <span class='ocrx_word' id='word_1_159' title='bbox 751 3385 943 3462; x_wconf 82' lang='lat' dir='ltr'><strong>negotiator,</strong></span> 
     </span>
     <span class='ocr_line' id='line_1_32' title="bbox 423 3460 968 3529; baseline 0.015 -10"><span class='ocrx_word' id='word_1_160' title='bbox 423 3460 466 3520; x_wconf 87' lang='lat' dir='ltr'><strong>Et</strong></span> <span class='ocrx_word' id='word_1_161' title='bbox 477 3460 608 3524; x_wconf 83' lang='lat' dir='ltr'><strong>fellator</strong></span> <span class='ocrx_word' id='word_1_162' title='bbox 623 3483 656 3526; x_wconf 90' lang='lat' dir='ltr'><strong>es</strong></span> <span class='ocrx_word' id='word_1_163' title='bbox 671 3470 704 3525; x_wconf 88' lang='lat' dir='ltr'><strong>et</strong></span> <span class='ocrx_word' id='word_1_164' title='bbox 717 3463 837 3527; x_wconf 86' lang='lat' dir='ltr'><strong>lanista.</strong></span> <span class='ocrx_word' id='word_1_165' title='bbox 868 3468 968 3529; x_wconf 89' lang='lat' dir='ltr'><strong>Miror</strong></span> 
     </span>
    </p>
   </div>
   <div class='ocr_carea' id='block_1_13' title="bbox 423 3544 1087 3632">
    <p class='ocr_par' dir='ltr' id='par_1_20' title="bbox 423 3544 1087 3632">
     <span class='ocr_line' id='line_1_33' title="bbox 423 3544 1087 3632; baseline 0.018 -29"><span class='ocrx_word' id='word_1_166' title='bbox 423 3544 526 3620; x_wconf 77' lang='lat' dir='ltr'><strong>Quare</strong></span> <span class='ocrx_word' id='word_1_167' title='bbox 540 3566 601 3607; x_wconf 92' lang='lat' dir='ltr'><strong>non</strong></span> <span class='ocrx_word' id='word_1_168' title='bbox 614 3550 744 3628; x_wconf 88' lang='lat' dir='ltr'><strong>habeas,</strong></span> <span class='ocrx_word' id='word_1_169' title='bbox 765 3550 918 3632; x_wconf 88' lang='lat' dir='ltr'><strong>Vacerra,</strong></span> <span class='ocrx_word' id='word_1_170' title='bbox 937 3571 1087 3620; x_wconf 47' lang='lat' dir='ltr'><strong>nummos,</strong></span> 
     </span>
    </p>
   </div>
   <div class='ocr_carea' id='block_1_14' title="bbox 0 0 1722 4575">
    <p class='ocr_par' dir='ltr' id='par_1_21' title="bbox 0 0 1722 4575">
     <span class='ocr_line' id='line_1_34' title="bbox 0 0 1722 4575; baseline 0 0"><span class='ocrx_word' id='word_1_171' title='bbox 0 0 1722 4575; x_wconf 95' lang='lat' dir='ltr'><strong> </strong></span> 
     </span>
    </p>
   </div>
  </div>
 </body>
</html>
