3434 4575
317 353 381 422 172
642 353 686 415 Ab
702 352 794 416 VAL.
809 340 1035 416 maurinus

805 552 872 617 XC.

400 670 497 730 lactat
512 666 706 747 inaequalem
722 667 831 727 Matho
845 684 896 726 me
910 666 1025 726 fecisse
1037 663 1202 729 libellum:

445 751 479 812 Si
493 771 600 812 verum
615 758 679 829 eat,
701 750 809 811 laudat
828 750 964 810 carmina
977 754 1086 809 nostra
1100 751 1227 820 Matho.

401 835 558 917 Aequales
573 837 683 896 scribit
694 835 793 896 libror
808 831 977 894 Cluuienus
992 839 1025 893 et
1037 833 1169 896 Umber.

443 918 591 1000 Aequalis
603 919 686 981 liber
700 926 764 997 est,
787 919 932 994 Gratiae,
954 917 1007 995 qui
1021 915 1120 979 malus
1135 926 1196 982 est.

802 1055 881 1118 xci.

401 1168 448 1228 Be
461 1172 569 1228 nostro
583 1166 717 1227 facunde
733 1169 808 1247 tibi,
822 1166 991 1246 luvenalis,
1005 1164 1107 1246 agello
1141 1173 1145 1179 '

444 1250 663 1311 Saturnalicias
676 1253 842 1331 mittimus,
865 1270 956 1331 ecce,
976 1269 1083 1313 nuces.

401 1335 517 1395 Cetera
528 1333 652 1394 lascivia
668 1334 792 1395 donavit
806 1355 897 1416 poma
911 1333 1027 1416 puellis

441 1416 584 1479 Mentula
598 1417 735 1478 custodis
748 1417 907 1481 luxuriosa
923 1419 983 1479 dei.

793 1553 884 1614 xcii.

401 1659 458 1741 „Si
472 1660 547 1740 quid
562 1681 638 1742 opus
652 1662 766 1741 fuerit,
788 1665 848 1723 scis
864 1682 914 1724 me
927 1683 990 1726 uon
1004 1680 1075 1723 esse
1088 1661 1288 1743 rogandum“

442 1746 513 1806 Uno
528 1746 576 1806 bis
589 1745 685 1821 dicis,
707 1748 858 1828 Baccara,
879 1753 993 1827 terque
1008 1745 1068 1809 die.

402 1828 549 1908 Appellat
564 1828 666 1909 rigida
680 1832 780 1891 tristis
795 1849 844 1891 me
858 1850 935 1891 voce
950 1829 1127 1891 Secundus:

442 1913 557 1992 Audis,
580 1920 613 1973 et
626 1915 746 1992 nescis,
767 1914 919 1993 Baccara,
940 1913 1014 1993 quid
1028 1916 1069 1974 sit
1082 1933 1172 1994 opus.

305 2041 311 2053 .
379 1995 516 2057 5Pensio
531 2003 564 2056 te
580 2017 684 2058 coram
697 1999 816 2078 petitur
832 1997 979 2078 clareque
1016 1997 1175 2076 alamque:

419 2139 421 2142 ,
442 2080 558 2159 Audis,
579 2083 743 2158 et-neaaci,
762 2082 912 2161 Baccara,
936 2019 1013 2160 quid
1025 2083 1067 2141 sit
1081 2100 1170 2163 opus.

399 2163 482 2225 Esse.
494 2182 608 2243 queror
624 2163 803 2244 gelidasque
817 2167 894 2225 mihi
910 2167 1061 2243 tritasque
1074 2163 1241 2226 lacernas:

443 2246 559 2327 Audis,
581 2253 614 2308 ct
627 2250 747 2327 nescis,
767 2249 919 2329 Baccara,
942 2249 1017 2329 quid
1031 2251 1072 2309 sit
1087 2269 1176 2329 opus.

400 2333 470 2393 Hoc
485 2351 562 2413 opus
577 2340 642 2411 est,
664 2334 766 2394 subito
780 2335 836 2395 fias
849 2339 885 2394 ut
901 2332 1005 2394 sidere
1020 2339 1140 2411 mutus,

359 2425 393 2478 10
441 2416 555 2477 Bicera
571 2435 612 2476 ne
628 2419 746 2498 possis,
768 2418 919 2496 Baccara,
942 2417 1018 2497 quid
1033 2419 1074 2477 ait
1089 2436 1177 2497 opus.

784 2565 890 2626 XGlll.

400 2676 532 2757 Narnia,
555 2676 724 2758 sulphureo
741 2698 831 2757 quam
847 2679 969 2757 gurgite
985 2674 1133 2737 candidus
1148 2680 1252 2739 amuis

444 2762 581 2839 Circuit,
596 2763 732 2842 'ancipiti
745 2765 796 2823 vix
810 2760 951 2822 adeunda
965 2763 1054 2839 iugo,

400 2844 482 2921 Quid
498 2852 562 2905 tam
573 2862 666 2923 saepe
681 2864 782 2905 meum
796 2846 887 2905 nobis
902 2844 1057 2905 abducere
1072 2844 1224 2919 Quintum

444 2928 492 2989 Te
506 2930 589 2988 iuvat
603 2934 637 2986 et
649 2925 737 2988 lenta
752 2929 923 2989 detinuisse
937 2928 1046 2988 moral

378 3011 484 3089 5Quid
497 3010 683 3072 Nomentani
699 3031 819 3072 causam
833 3014 910 3072 mihi
923 3011 1031 3092 perdis
1046 3009 1158 3090 agelli,

441 3097 578 3176 Propter
592 3096 726 3155 vicinum
740 3096 793 3175 qui
806 3098 963 3176 pretiosus
978 3096 1070 3156 erat?

401 3180 466 3242 Sed
477 3182 537 3240 iam
550 3197 645 3259 parce
659 3180 752 3257 mibi,
773 3199 832 3240 nec
845 3181 990 3257 abutere,
1012 3178 1143 3256 Narnia,
1166 3178 1306 3255 Quinto:

443 3265 601 3344 Perpetuo
615 3260 711 3324 liceat
726 3265 770 3324 sic
783 3264 841 3323 tibi
855 3269 952 3343 ponte
970 3264 1041 3326 frui.

806 3396 915 3459 xciv.

401 3511 599 3588 Unguentum
612 3510 732 3586 fuerat,
754 3507 838 3586 quod
852 3527 932 3587 onyx
945 3506 1036 3567 modo
1051 3526 1145 3586 parva
1160 3512 1312 3585 gerebat:

444 3592 561 3653 Olfecit
573 3599 736 3674 postquam
749 3592 892 3671 Papilus,
909 3609 1000 3669 ecce,
1020 3609 1126 3669 garum
1143 3599 1203 3654 est.

261 3793 380 4155 ι
