3434 4575
684 357 728 418 Μ.
743 356 835 420 VAL.
853 356 1078 416 MARTlALlS

820 558 933 643 ¹uruv.

444 674 521 735 (lum
536 675 579 733 alo
592 690 651 731 nec
665 670 764 749 rigida
777 671 944 730 Fabiorum
958 677 1050 748 gente
1065 679 1208 750 creatus,

442 757 508 817 Nec
523 754 643 835 qualem
661 755 772 827 Curio,
795 753 867 813 dum
880 753 1009 834 prandia
1022 761 1127 833 portat
1141 759 1263 831 aranti,

442 841 570 900 Hirsuta
582 840 708 919 peperit
723 837 875 918 deprensa
889 838 945 897 sub
960 835 1034 897 ilice
1051 839 1201 898 coniunx:

443 922 506 984 Sed
521 924 618 1003 patris
633 921 671 981 ad
686 921 844 1002 speculum
859 921 942 981 tonsi
956 923 1123 999 matrisque
1139 930 1268 1001 togatae

419 1006 541 1069 5Filina
556 1014 589 1065 et
603 1007 703 1085 possit
716 1025 857 1084 sponsam
871 1012 904 1064 te
918 1025 1030 1084 sponsa
1043 1024 1170 1064 vocare:

440 1089 617 1152 Emendare
631 1107 733 1165 meos,
756 1107 832 1166 quos
845 1091 931 1148 novit
944 1089 1039 1165 fama,
1060 1087 1188 1149 libellos

440 1175 483 1234 Et
496 1175 554 1233 tibi
572 1173 728 1252 permittis
742 1170 853 1232 felice·
870 1190 1000 1251 carpere
1013 1191 1125 1250 nugas:

440 1257 522 1335 Has,
542 1256 682 1335 inquam,
703 1273 816 1332 nugas,
838 1257 947 1332 quibua
962 1274 1067 1315 aurem
1083 1255 1254 1318 advertere
1269 1265 1361 1320 totam

441 1341 511 1401 Non
526 1344 730 1418 aspernantur
742 1357 891 1417 proceres
906 1339 1053 1417 urbisque
1068 1339 1211 1418 forique,

400 1435 435 1487 10
441 1425 524 1499 Quas
538 1427 572 1481 et
585 1423 730 1501 perpetui
745 1420 911 1500 dignantur
924 1424 1037 1482 scrinia
1054 1421 1113 1481 Sili

440 1508 482 1569 iit
493 1507 611 1586 repetit
624 1507 740 1564 totiens
754 1503 886 1565 facundo
900 1504 1036 1583 Regulus
1052 1524 1122 1583 ore,

442 1591 564 1668 Quique
577 1587 662 1650 videt
674 1589 802 1668 propina
815 1590 916 1666 magni
931 1590 1098 1649 certamina
1112 1588 1200 1649 Circi

440 1673 560 1735 Laudat
572 1673 744 1733 Aventinae
754 1673 872 1732 vicinus
890 1671 969 1731 Sura
982 1673 1106 1733 Dianae.

439 1758 510 1837 lpse
524 1759 617 1817 etiam
632 1763 717 1815 tauto
734 1756 873 1815 dominus
888 1758 943 1815 sub
957 1755 1098 1834 pondere
1112 1774 1221 1818 rernm

399 1843 508 1906 leon
522 1839 707 1916 dedignatur
721 1841 769 1898 bis
783 1845 896 1917 terque
911 1837 1071 1899 revolvere
1086 1840 1211 1901 Caesar.

440 1924 504 1985 Sed
519 1925 577 1984 tibi
590 1922 660 2002 plna
672 1924 801 1999 mentis,
824 1923 881 1982 tibi
896 1940 949 1980 cor
960 1922 1088 1982 limante
1103 1924 1247 1986 Minerva

439 2009 552 2069 Acrius
566 2014 599 2066 et
612 2016 723 2066 tennes
737 2007 894 2064 tinxerunt
906 2012 1015 2084 pectus
1029 2006 1181 2068 Athenae.

438 2091 486 2153 Ne
500 2089 634 2167 valeam,
653 2091 756 2149 sinon
771 2087 868 2147 multo
883 2090 964 2168 sapit
980 2086 1071 2148 altius
1087 2087 1182 2168 illud,

441 2173 532 2251 Quod
546 2193 614 2233 cum
628 2173 801 2252 panticibus
814 2170 891 2231 laxis
906 2178 939 2230 et
955 2191 1023 2231 cnm
1040 2172 1122 2251 pede
1137 2173 1247 2250 grandi

397 2260 481 2324 nollit
495 2259 590 2319 rubro
604 2255 751 2337 pulmone
764 2261 852 2315 vetus
867 2257 1012 2335 nasisque
1028 2255 1198 2317 timendum

441 2344 551 2402 Omnia
565 2339 701 2400 crudelis
713 2339 813 2399 lanius
828 2357 886 2419 per
901 2342 1034 2419 compita
1048 2346 1162 2419 portat.

439 2426 546 2486 Audes
564 2433 747 2505 praeterea,
773 2442 849 2501 quos
861 2421 965 2482 nullus
980 2425 1119 2502 noverit,
1141 2424 1175 2483 in
1189 2445 1240 2486 me

440 2510 586 2570 Scribere
600 2506 770 2568 versiculos
784 2508 913 2566 miseras
926 2513 960 2565 et
972 2506 1108 2585 perdere
1123 2506 1257 2574 chartas.

439 2594 482 2653 At
495 2594 523 2653 ai
537 2591 611 2673 qnid
625 2597 750 2652 nostrae
765 2592 823 2651 tibi
836 2587 909 2649 bilis
923 2591 1071 2650 inusserit
1090 2589 1200 2671 ardor,

396 2676 530 2741 seviret
544 2684 577 2737 et
590 2677 734 2735 haerebit
745 2680 871 2752 totaque
885 2672 1008 2751 legetur
1022 2676 1053 2732 in
1068 2676 1163 2752 urbe,

439 2759 588 2836 Stigmata
600 2778 659 2819 nec
674 2759 760 2819 vaira
774 2757 894 2819 delebit
907 2757 1072 2818 Cinnamus
1087 2762 1165 2822 arte.

440 2843 504 2904 Sed
518 2845 668 2902 miserere
683 2844 745 2919 tui,
765 2840 874 2902 rabido
889 2860 948 2901 nec
961 2842 1101 2920 perditus
1116 2861 1172 2901 ore

437 2928 620 2987 Fumantem
634 2945 741 2985 nasum
754 2926 814 2985 vivi
828 2928 1027 3004 temptaveris
1041 2926 1115 2985 ursi.

439 3011 488 3072 Sit
501 3008 639 3090 placidus
652 3006 730 3068 licet
743 3015 777 3068 et
789 3005 906 3068 lambat
921 3008 1095 3089 digitosque
1109 3028 1299 3091 manusque,

396 3095 471 3160 ooSi
486 3092 576 3154 dolor
591 3097 625 3154 et
638 3090 728 3169 bilia,
748 3092 777 3151 si
792 3096 873 3151 iusta
887 3092 1027 3170 coegerit
1038 3095 1101 3171 ira,

438 3179 537 3242 Uram
551 3178 628 3238 erit:
649 3174 868 3248 recondentes
882 3175 914 3233 in
928 3174 1014 3255 pelle
1027 3178 1139 3256 fatiges

437 3264 480 3323 lto
493 3263 618 3324 tacitam
633 3279 778 3340 quaeras,
799 3279 889 3338 quam
902 3261 1003 3340 possis
1016 3260 1146 3339 rodere,
1169 3281 1306 3326 carnem.

822 3391 916 3455 va.

438 3514 655 3591 „Herametria
669 3513 856 3593 epigramma
871 3510 969 3571 facis“
986 3511 1050 3570 scio
1067 3509 1173 3571 dicere
1190 3510 1336 3575 Tuccam.

481 3597 601 3676 Tucca,
623 3594 706 3658 solet
717 3597 805 3673 lieri,
827 3594 979 3675 denique,
1001 3594 1120 3672 Tucca,
1141 3592 1229 3660 licet.
