3434 4575
676 532 802 588 aanor
824 533 903 587 Viil.

315 677 508 761 incertaeque
531 679 591 756 rel,
616 677 747 742 Phalaris
771 678 841 740 licet
865 680 989 760 imperet
1013 683 1043 740 nt
1066 671 1106 738 sis

315 765 415 828 Falsus
440 776 469 827 et
494 765 611 826 admoto
639 764 730 825 dictet
755 766 882 844 periuria
908 774 1001 842 tauro,

316 854 458 913 Summum
488 851 579 912 crede
605 849 690 911 neias
712 852 833 910 animam
861 851 1014 928 praeferre
1039 848 1144 929 pudori

316 936 349 996 lit
375 945 500 1017 propter
524 936 612 996 vitam
634 934 752 995 vivendi
774 933 902 1012 perdere
927 951 1040 996 causas.

314 1021 424 1100 Dignus
446 1030 540 1080 morte
565 1021 657 1097 perit,
681 1027 788 1079 coenet
811 1018 882 1079 licet
905 1029 1004 1080 ostrea
1028 1028 1141 1080 centum
1274 1027 1308 1080 85

315 1103 445 1167 Gaurana
474 1113 503 1164 et
531 1101 630 1165 Cosmi
654 1113 716 1164 toto
742 1114 891 1181 mergatur
914 1121 999 1165 aeno.

314 1189 494 1270 Exspectata
522 1189 569 1249 diu
593 1189 708 1250 tandem
734 1190 885 1268 provincia
908 1208 994 1269 quum
1017 1198 1046 1249 te
1089 1218 1092 1225 ·

315 1275 473 1335 Rectorem
499 1275 642 1354 accipiet,
666 1290 743 1352 pone
764 1274 825 1334 irae
850 1273 933 1333 irena
952 1273 1143 1352 modumque,

314 1359 391 1419 Pone
418 1367 448 1418 et
471 1360 627 1433 avaritiae,
651 1357 795 1418 miserere
818 1359 936 1435 inopum
960 1359 1127 1418 sociorum:

314 1440 387 1503 Ossa
406 1442 492 1503 vides
515 1461 612 1503 rerum
637 1443 739 1503 vacuis
761 1451 884 1502 exsucta
908 1442 1053 1503 medullis.
1274 1448 1309 1502 90

314 1526 460 1607 Respice,
486 1526 555 1607 quid
569 1535 714 1607 ‚moneant
736 1526 838 1605 leges,
863 1527 931 1606 quid
956 1529 1035 1588 curia
1056 1524 1183 1600 mandet,

314 1609 445 1672 Praemia
468 1620 574 1692 quanta
599 1611 694 1671 bonos
717 1621 869 1688 maneant,
895 1629 979 1692 quam
1000 1611 1118 1672 fulmine
1141 1611 1217 1670 iusto

314 1694 349 1756 Et
371 1694 480 1776 capito
507 1704 537 1756 et
554 1694 693 1764 ‚Numitor
715 1697 842 1771 ruerint,
869 1695 1021 1769 damnante
1044 1703 1157 1771 senatu,

315 1779 427 1842 Piratae
457 1778 590 1842 Cilicum.
632 1781 692 1840 Sed
715 1780 783 1860 quid
810 1780 954 1841 damnatio
979 1779 1116 1842 conlert‘l

315 1865 511 1941 Praeconem,
533 1863 721 1945 Chaerippo,
745 1865 801 1925 tuis
825 1864 1019 1943 circumspice
1044 1865 1157 1941 pannis,
1277 1863 1311 1918 95

315 1947 406 2024 Quum
431 1949 525 2011 Pansa
548 1951 669 2028 eripiat,
697 1949 836 2030 quidquid
862 1948 913 2008 tibi
937 1948 1021 2009 Natta
1044 1947 1173 2028 reliquit,

315 2033 431 2114 lamque
456 2044 538 2099 tace:
561 2036 643 2096 luror
667 2044 713 2095 est
736 2044 804 2113 post
828 2035 925 2092 omnia
949 2033 1076 2112 perdere
1102 2030 1225 2092 naulum.
1286 2099 1299 2120 x

299 2117 376 2179 'Non
400 2118 476 2179 idem
498 2120 624 2198 gemitus
649 2119 718 2180 olim
743 2137 839 2198 neque
863 2119 967 2179 vulnus
995 2126 1057 2179 erat
1080 2135 1133 2194 par

315 2201 510 2278 Damnorum,
536 2205 626 2264 sociis
649 2203 823 2265 dorentibus
845 2212 875 2263 et
897 2204 984 2264 modo
1009 2203 1103 2263 victis.

316 2287 402 2350 Plena
429 2289 532 2349 domus
555 2299 623 2349 tunc
644 2292 753 2365 omnis,
777 2298 807 2349 et
829 2290 933 2367 ingens
956 2287 1050 2350 stabat
1073 2305 1196 2348 acervus
1263 2298 1311 2349 100

316 2372 517 2448 Nummorum,
544 2375 686 2454 Spartana
710 2372 857 2450 chlamys,
886 2373 1039 2450 conchylia
1062 2368 1134 2450 Coa,

316 2456 350 2518 bt
374 2476 439 2519 cum
465 2457 610 2518 Parrhasii
632 2457 740 2519 tabulis
765 2459 916 2538 signisque
941 2457 1070 2534 Myronis

315 2539 481 2603 Phidiacum
503 2542 622 2603 vivebat
644 2542 736 2617 ebur,
768 2560 823 2603 nec
847 2561 904 2603 non
927 2542 1062 2619 Polycliti

315 2624 420 2687 llultus
447 2627 554 2706 ubique
578 2626 679 2692 labor:
704 2645 789 2688 rarae
812 2630 876 2689 sine
897 2626 1031 2688 Mentore
1054 2644 1183 2687 mensae.

315 2708 383 2772 lnde
410 2710 588 2772 Dolabellae
611 2721 699 2792 atque
724 2710 790 2771 binc
814 2712 974 2789 Antonius,
1000 2711 1066 2771 inde
1260 2721 1310 2773 105

316 2795 486 2873 Sacrilegus
510 2795 624 2856 Verres
647 2796 816 2856 referebant
844 2796 966 2857 navibus
988 2797 1053 2857 altis

317 2876 438 2940 Occulta
461 2880 555 2957 spolia
579 2888 608 2940 et
630 2880 731 2961 plures
754 2880 790 2940 de
815 2899 890 2960 pace
913 2879 1082 2959 triumphos.

316 2963 398 3024 Nunc
420 2965 509 3025 sociis
534 2966 600 3043 iuga
627 2983 719 3044 pauca
741 2965 848 3041 boum,
875 2985 950 3045 grex
973 2983 1242 3045 parvusequarum

316 3046 351 3108 Et
374 3058 461 3127 pater
485 3051 606 3109 armenti
629 3058 715 3130 capto
739 3051 879 3129 eripiatur
905 3052 1016 3129 agello,

317 3131 374 3211 lpsi
400 3133 507 3194 deinde
529 3132 636 3208 Lares,
661 3134 786 3214 siquod
811 3135 978 3214 spectabile
1001 3137 1124 3213 signum,
1262 3146 1311 3196 llo

318 3218 346 3276 Si
373 3219 439 3298 quis
465 3219 493 3277 in
517 3218 650 3279 aedicula
674 3218 747 3279 deus
769 3221 886 3290 unicus:
913 3220 987 3281 baec
1012 3220 1118 3280 etenim
1142 3228 1205 3277 sunt

318 3301 371 3363 Pro
398 3303 533 3377 summis,
557 3321 621 3363 nam
645 3313 711 3363 sunt
736 3302 810 3364 haec
834 3306 968 3366 maxima.
1006 3304 1163 3383 Despicias
1186 3312 1215 3361 tu

317 3383 450 3447 Forsitan
472 3385 608 3448 imbelles
630 3386 762 3449 Rhodios
785 3400 958 3470 unctamque
982 3386 1159 3450 Corinthon:

318 3469 474 3548 Despicias
502 3474 622 3541 merito:
648 3474 715 3551 quid
739 3475 867 3534 resinata
889 3476 1021 3533 iuventus

319 3550 469 3635 cruraque
494 3557 581 3616 totius
603 3556 712 3617 iacient
732 3557 785 3618 tibi
809 3558 888 3619 levia
910 3556 1029 3636 gentis?
1261 3568 1311 3620 lit

320 3638 441 3699 llorrida
465 3640 580 3701 vitanda
602 3649 647 3701 est
670 3640 825 3720 Hispania,
855 3643 984 3704 Gallicus
1005 3643 1067 3702 axis

320 3721 525 3804 illyricumque
548 3725 638 3793 latus:
662 3744 753 3806 parce
775 3736 804 3787 et
826 3726 1007 3787 messoribus
1031 3726 1099 3790 illis.

321 3804 375 3877 Qui
397 3817 526 3869 saturant
548 3808 649 3870 urbem
675 3812 756 3872 circo
781 3827 950 3890 scenaeque
972 3820 1134 3871 vacantem.
