3434 4575
436 474 476 537 78
768 485 803 534 n.
828 486 899 535 rou.
923 485 1111 534 rovnunurs

434 630 550 690 Sumiue
578 646 640 689 cum
662 645 767 706 magno
790 627 875 706 lepus
901 637 987 706 atque
1012 646 1084 707 aper
1108 638 1138 689 et
1161 648 1310 708 pygargus

434 715 470 775 Et
497 714 653 789 Scythicae
678 712 818 772 volucres
844 721 874 772 et
900 713 1149 792 phoenicopterus
1177 716 1278 792 ingens

434 797 471 860 lit
494 797 631 859 Gaetulus
657 815 730 873 oryx
756 797 855 857 hebeti
871 797 1031 873 ,lautissima
1058 798 1138 856 lerro
1376 810 1422 864 140

434 883 572 944 Caeditur
598 893 626 942 et
652 892 711 942 tota
737 891 821 942 sonat
842 882 936 964 ulmea
962 899 1055 941 coena
1079 883 1202 942 Subura.

434 967 496 1028 Nec
519 967 638 1027 inustum
666 985 791 1046 capreae
816 966 981 1027 subducere
1009 985 1063 1026 uec
1089 967 1164 1027 latus
1192 968 1282 1028 dirae

434 1050 521 1112 Novit
546 1053 607 1111 avis
631 1062 746 1126 noster,
775 1051 935 1110 tirunculus
963 1069 998 1111 ac
1023 1052 1102 1111 rudis
1127 1055 1203 1112 omui

433 1136 580 1215 Tempore
608 1145 636 1196 et
664 1138 788 1213 exiguae
813 1135 896 1195 furtis
924 1135 1050 1194 imbutus
1080 1135 1199 1196 ofellae.

435 1221 571 1282 Plebeios
597 1220 706 1280 calices
732 1229 762 1280 et
786 1221 888 1299 paucis
911 1219 1025 1279 assibus
1048 1230 1163 1299 emptos
1374 1234 1423 1288 145

434 1305 567 1382 Porriget
595 1304 718 1364 incultus
746 1322 819 1383 puer
839 1314 927 1383 atque
951 1322 966 1363 a
990 1304 1101 1382 frigore
1126 1314 1219 1372 tutus:

433 1389 497 1451 Non
519 1389 615 1464 Phryx
643 1399 691 1448 aut
713 1387 830 1463 Lycius,
852 1383 922 1463 [non
950 1407 966 1448 a
992 1405 1136 1466 mangone
1162 1391 1270 1468 petitus

435 1476 591 1553 Quisquam
614 1474 684 1533 erit:
707 1474 735 1531 in
755 1472 869 1550 magno}
883 1491 968 1550 quum
991 1490 1117 1552 posces,
1141 1491 1233 1552 posce
1258 1474 1353 1535 latine.

435 1559 513 1618 ldem
538 1557 651 1617 habitus
680 1557 811 1633 cunctis,
836 1559 913 1617 tonsi
940 1560 1071 1635 rectique
1096 1557 1194 1636 capilli

433 1643 530 1722 Atque
554 1642 641 1702 hodie
666 1650 773 1701 tantum
796 1651 919 1720 propter
939 1643 1071 1702 conuiuia
1095 1644 1172 1720 pexi.
1372 1654 1423 1707 150

419 1728 564 1789 'Pastoris
586 1727 649 1786 duri
669 1726 716 1787 1111
738 1735 784 1786 111
808 1727 899 1802 iilius,
927 1727 977 1787 ille
1001 1725 1128 1786 bubulci.

434 1814 566 1892 Suspirat
592 1810 682 1889 longo
708 1827 766 1870 non
786 1812 878 1872 visam
901 1821 1035 1890 tempore
1062 1819 1193 1886 matrem,

433 1897 471 1957 Et
495 1897 622 1957 casulam
645 1905 674 1956 et
698 1904 784 1956 notos
807 1896 899 1955 tristis
924 1896 1072 1956 desiderat
1094 1895 1216 1971 haedos,

432 1982 553 2060 ingenui
577 1981 674 2041 vultus
698 2000 771 2059 puer
794 1982 969 2060 ingenuique
992 1981 1123 2059 pudoris,

434 2066 550 2140 Quales.
569 2084 637 2126 esse
660 2066 763 2140 decet,
788 2082 862 2144 quos
885 2066 990 2125 ardens
1014 2082 1139 2142 purpura
1162 2065 1266 2133 vestit;
1373 2076 1422 2129 155

433 2148 497 2211 Nec
519 2150 680 2230 pupillares
703 2149 800 2208 delert
826 2151 853 2207 in
881 2149 985 2208 balnea
1009 2167 1115 2208 raucus

432 2234 692 2311 tessalonicam
716 2232 868 2293 vellendas
893 2234 946 2293 iam
972 2232 1103 2312 praebuit
1126 2232 1199 2308 alas,

434 2318 539 2380 Crasse
565 2338 620 2380 nec
646 2320 784 2397 opposito
813 2319 935 2395 pavidus
958 2320 1029 2396 tegit
1055 2320 1171 2395 inguina
1193 2328 1286 2395 gatto.

434 2404 486 2464 llic
512 2405 564 2465 tibi
588 2404 653 2463 vina
677 2402 755 2463 dabit
782 2401 885 2462 diffusa
911 2406 939 2463 in
961 2403 1106 2463 montibus
1129 2401 1199 2479 illis,

343 2521 345 2524 -
435 2489 586 2568 siquibus
610 2489 674 2567 ipse
699 2488 793 2561 veuit,
818 2505 940 2566 quorum
964 2487 1017 2547 sub
1040 2488 1151 2547 vertice
1179 2487 1261 2557 lusit;
1371 2501 1422 2555 loo

434 2571 563 2652 Namque
586 2591 641 2633 una
662 2580 750 2651 atque
770 2572 873 2631 eadem
896 2581 941 2631 est
964 2574 1022 2631 vini
1040 2573 1132 2650 patria
1156 2581 1243 2651 atque
1267 2574 1398 2633 ministri.

434 2658 565 2718 Forsitan
589 2666 764 2737 exspectes,
793 2666 822 2715 ut
842 2650 986 2716 'Gaditana
1009 2674 1116 2716 canoro

433 2740 573 2821 incipiant
597 2742 710 2820 prurire
741 2741 832 2801 choro
856 2741 1018 2821 plausuque
1044 2742 1186 2820 probatae

434 2826 478 2886 1111
504 2836 609 2888 terram
630 2825 755 2885 tremulo
783 2825 962 2887 descendant
985 2827 1070 2887 clune
1095 2824 1234 2904 puellae?

433 2906 657 2991 Spectant'hoc
679 2918 786 2988 nuptae
809 2911 887 2971 iuxta
911 2909 1070 2971 recubante
1094 2912 1207 2986 marito,
1374 2920 1421 2975 165

434 2995 518 3070 Quod
545 2996 652 3074 pudeat
675 3011 793 3054 narrare
819 2996 944 3074 aliquem
967 2995 1169 3073 praesentibus
1196 2996 1278 3075 ipsis,

432 3080 640 3141 irritamentum
667 3076 793 3137 Veneris
815 3079 978 3157 lauguentis
1003 3090 1032 3139 et
1054 3099 1139 3140 acres

435 3164 537 3225 Divitis
562 3164 672 3223 urticae
695 3162 803 3240 (maior
824 3172 919 3223 tamen
945 3166 998 3224 ista
1021 3164 1156 3243 voluptas

435 3249 563 3309 Alterius
584 3265 687 3313 sexum
715 3247 807 3323 magis
829 3248 880 3309 ille
907 3250 1071 3309 extenditur
1095 3257 1125 3309 et
1150 3266 1218 3307 mox

436 3333 560 3393 nuribus
581 3342 667 3410 atque
694 3330 788 3391 oculis
811 3342 954 3412 concepta
978 3335 1058 3394 urina
1077 3334 1240 3412 movetur);
1374 3341 1423 3395 110

435 3417 500 3477 Non
523 3420 600 3497 capit
624 3417 676 3477 luas
701 3434 793 3493 nugas
815 3417 930 3478 humilis
952 3419 1065 3480 domus.
1102 3417 1209 3477 Audiat
1232 3417 1282 3477 ille

434 3501 585 3563 Testarnm
612 3500 740 3578 crepitus
764 3520 827 3561 oum
852 3500 969 3578 uerbis,
993 3502 1096 3563 nudum
1120 3501 1197 3562 olido
1221 3511 1298 3560 stans

435 3585 560 3647 Fomice
583 3584 754 3663 mancipium
777 3586 880 3665 quibus
904 3586 1046 3661 abstinet,
1069 3587 1120 3646 ille
1143 3586 1253 3647 fruatur

435 3671 564 3731 Vocibus
588 3669 726 3731 obscenis
752 3672 887 3750 omnique
909 3671 1033 3731 libidinis
1055 3681 1128 3747 arte,

436 3755 491 3827 Qui
511 3753 770 3816 Lacedaemonium
795 3756 948 3835 pytismate
970 3755 1095 3817 lubricat
1121 3754 1235 3820 orbem:
1372 3761 1422 3818 175
1443 3825 1447 3832 ,
