3434 4575
374 315 439 380 364
652 312 780 376 luuux
791 311 1149 377 ufluuufflfflou.

376 470 475 522 Nomen
490 467 570 517 babes
588 468 670 517 tenori
686 467 755 530 quod
770 474 886 531 tempora
899 470 1030 529 nuncupat
1046 466 1110 514 anni
1141 501 1150 516 .
1177 501 1187 517 .
1212 504 1221 518 .
1246 501 1255 516 .

375 539 474 591 Nomen
488 535 565 586 habet
580 539 668 602 magni
684 535 797 586 volueris
811 544 864 584 tam
881 548 963 599 parva
977 535 1112 599 gigantiut
1140 569 1148 584 .
1177 570 1187 585 .
1213 570 1221 586 .
1248 570 1255 583 .

376 608 537 659 Nomentana
551 620 637 655 meum
655 606 703 655 tibi
720 605 763 655 dat
780 605 911 654 vindemia
926 602 1054 653 &ochum
1065 638 1257 655 ......

374 676 485 727 Nomina
502 674 625 724 candelae
639 675 714 724 uobis
729 675 832 737 antiqua
847 672 972 723 dederuut
993 706 1257 724 ........

374 745 485 795 Nomina
500 743 544 792 dat
561 744 674 807 spondae
692 745 769 807 piatis
782 741 955 808 pulcherrima
968 741 1076 805 pinnis.
1105 775 1112 789 .
1140 774 1185 791 .·.
1213 778 1221 792 .
1249 777 1257 791 .
1347 779 1356 804 ,

375 813 432 864 Non
450 827 507 862 amo
527 810 706 874 quodviuoat,
721 812 768 862 aed
782 812 852 875 quod
867 811 1032 860 anoanmbere
1049 809 1147 860 novit.
1177 847 1184 859 .
1336 848 1344 875 ,

374 882 432 933 Non
447 895 505 931 amo
522 887 561 939 te,
581 880 683 941 Sabidi,
701 895 749 930 nea
765 894 873 945 possum
884 878 969 929 dioere
985 893 1063 942 quare
1102 913 1256 930 .....
1346 916 1354 942 ,

375 951 433 1002 Non
450 956 522 999 uenat
536 950 592 998 sine
610 964 671 1016 apro
689 957 790 1012 noster,
808 948 879 1010 Tite,
899 947 1056 1002 Gaeoiliauus
1067 982 1257 997 ......

374 1019 434 1070 Nou
448 1020 480 1069 de
496 1017 572 1085 plebe
590 1018 696 1080 domus,
712 1034 760 1067 neo
777 1031 869 1068 avarae
884 1031 962 1068 verna
976 1023 1088 1066 catastae
1101 1050 1257 1066 .....

375 1088 433 1138 Non
451 1089 484 1138 da
497 1087 524 1137 vi
537 1101 619 1149 neque
636 1088 714 1138 eaede
727 1102 775 1136 neo
790 1101 888 1137 veneno
926 1120 1256 1136 ..........

376 1156 434 1209 Non
451 1156 552 1215 diuam,
568 1155 628 1204 lieet
642 1170 724 1220 usquo
741 1170 782 1205 me
800 1157 897 1222 rogatis
924 1188 1258 1204 ..........

376 1224 433 1277 Non
452 1225 521 1285 dixi,
538 1222 671 1285 Gomoiue,
688 1232 713 1275 te
729 1225 863 1275 cinaedum
888 1257 1256 1273 ...........
1352 1261 1360 1289 ,
1473 1283 1476 1292 1

376 1293 434 1344 Non
452 1294 545 1344 donem
559 1293 606 1343 tibi
624 1309 669 1342 our
683 1308 754 1343 meos
772 1292 871 1343 libellos
893 1325 1256 1342 ...........
1326 1295 1356 1354 V,
1369 1290 1400 1342 lb.
1474 1314 1476 1318 ·

376 1361 435 1414 Nou
451 1363 499 1412 erit
512 1363 539 1410 ln
555 1362 629 1410 turba
646 1363 780 1425 quisquam
795 1351 980 1425 Μισοόμενος
997 1360 1047 1410 ista
1066 1395 1256 1410 ......
1279 1361 1401 1424 illusit
1472 1352 1476 1360 ⁴

376 1431 434 1481 Non
450 1437 489 1479 est
506 1431 533 1478 in
547 1428 643 1494 populo
659 1445 706 1480 neo
723 1430 786 1480 urbe
798 1437 852 1479 tota
893 1463 1256 1479 ...........
1321 1429 1401 1493 tutu

376 1497 433 1550 Nou
445 1505 484 1549 eat
500 1497 551 1548 iata
566 1513 655 1548 reeens
662 1535 670 1560 ,
689 1499 735 1549 sed
750 1499 831 1548 nostri
844 1498 927 1564 gloria
939 1497 1004 1548 oaeli
1031 1531 1256 1549 .......
1297 1501 1358 1562 XIV,
1369 1496 1401 1549 di.

376 1567 434 1618 Nou
449 1573 488 1619 eat
505 1568 563 1618 lana
580 1567 642 1616 mibi
656 1568 779 1628 mendax,
796 1582 843 1616 neo
855 1573 940 1618 mutor
955 1567 1037 1616 abeno
1066 1599 1255 1617 ......
1279 1571 1345 1633 XIV,
1357 1565 1401 1619 lta

376 1636 433 1687 Non
448 1615 623 1687 est⁰mentitus
631 1673 638 1697 ,
657 1639 702 1700 qui
719 1644 744 1686 te
756 1635 819 1685 mihi
838 1637 903 1686 dixit
916 1635 1010 1686 habere
1031 1669 1255 1687 .......

377 1706 434 1756 Non
451 1712 504 1768 est,
520 1721 624 1755 munera
639 1707 708 1768 quod
724 1713 799 1771 putes
814 1705 909 1771 pusilla
927 1738 1255 1754 ..........

376 1774 434 1825 Nou
448 1781 500 1835 est,
518 1774 615 1837 Tuooa,
633 1775 711 1835 satis,
728 1774 796 1837 quod
812 1789 841 1823 es
855 1772 963 1840 gulosus
997 1806 1255 1824 ........

377 1843 434 1894 Non
447 1843 508 1892 laoit
525 1843 559 1894 ad
575 1858 665 1894 saevos
683 1844 784 1903 oervix,
803 1844 855 1892 uisi
870 1843 967 1907 prima,
985 1841 1073 1892 leonas
1101 1875 1254 1893 .....

377 1913 434 1964 Non
448 1912 542 1962 habilis
557 1912 655 1978 cyathis
672 1919 698 1960 et
709 1912 806 1962 inutilis
823 1927 874 1962 uva
889 1911 973 1976 Lyaeo
995 1944 1254 1962 ........

378 1981 436 2032 Non
450 1980 521 2032 horti
535 1996 616 2044 neque
630 1981 744 2046 palmitis
759 1981 828 2032 beati
859 2013 1253 2030 ............

378 2051 434 2101 lion
446 2050 494 2100 bos
512 2050 572 2099 lane
588 2051 672 2109 dedit,
687 2050 734 2098 sed
748 2050 838 2099 olentis
850 2049 928 2098 barba
947 2048 1031 2098 mariti
1068 2081 1216 2099 .....
1241 2084 1253 2112 Δ.
1337 2090 1344 2115 ‚

378 2120 434 2170 Nou
453 2133 511 2167 mea
525 2117 649 2182 Massylus
667 2123 751 2167 servat
764 2118 882 2181 pomaria
899 2132 1006 2181 serpena
1032 2150 1253 2167 .......
1331 2119 1360 2183 X,

378 2189 434 2238 Non
450 2186 561 2235 mendax
576 2193 665 2248 stupor
682 2189 734 2243 est,
749 2198 797 2232 neo
809 2184 914 2250 lingitur
928 2193 982 2236 arte
999 2183 1105 2236 dolosa.
1134 2219 1142 2235 .
1170 2218 1179 2234 .
1207 2224 1214 2236 .
1244 2223 1252 2235 .
1337 2227 1345 2252 ‚

376 2255 433 2306 Nou
451 2253 541 2313 miror,
557 2252 625 2314 quod
638 2256 710 2317 potat
725 2265 817 2316 aquam
834 2260 879 2304 tua
895 2253 989 2317 Bassa,
1008 2253 1103 2306 catullo
1135 2291 1142 2304 .
1243 2294 1250 2307 .

375 2324 433 2374 Non
448 2322 531 2370 omnia
548 2319 638 2371 laudes
653 2321 811 2387 pretiumque
828 2332 917 2375 aurata
932 2332 1043 2376 meretur
1064 2358 1251 2376 ......

375 2390 432 2441 Nou
449 2390 531 2439 omnis
545 2391 627 2440 nostri
641 2397 765 2442 nocturna
780 2394 927 2459 estpagiua
942 2392 1000 2444 libri
1031 2426 1251 2446 .......
1364 2439 1369 2447 .
1395 2426 1402 2440 ·

375 2458 432 2509 Non
449 2472 496 2522 per
512 2460 620 2526 mystica
631 2474 705 2511 saera
716 2460 891 2529 Dindymenes
926 2496 1250 2514 ..........
1291 2469 1356 2529 vm,
1369 2462 1402 2514 tl.

375 2527 432 2578 Nou
446 2528 551 2593 plenum
566 2531 641 2581 modo
658 2530 755 2581 violeus
770 2530 884 2582 habebas
925 2565 1249 2585 ..........
1337 2537 1356 2598 l,
1370 2529 1402 2584 0⁹.

376 2598 434 2647 Non
452 2607 541 2663 potare
556 2600 654 2660 nivem,
673 2599 719 2649 sed
734 2614 828 2662 equam
844 2607 933 2665 potare
948 2607 1075 2651 reoeutem
1097 2634 1106 2649 .
1133 2635 1140 2648 .
1169 2635 1176 2647 .
1205 2638 1212 2652 .
1240 2639 1248 2654 .
1335 2642 1343 2667 ‚

375 2665 432 2715 Nou
446 2682 621 2731 quemcunque
634 2668 733 2730 fooum,
752 2683 800 2719 neo
814 2669 913 2719 fumum
929 2684 1020 2720 caseus
1036 2683 1137 2720 omnam
1167 2702 1176 2716 .
1205 2708 1212 2721 .
1240 2708 1248 2721 .
1348 2710 1355 2735 ‚

374 2733 432 2784 Non
445 2736 518 2785 rudis
534 2736 637 2786 indoota
653 2736 713 2787 lesit
727 2752 769 2787 me
782 2736 849 2787 fuleo
862 2738 965 2788 oolouus
994 2772 1248 2792 ........
1312 2756 1314 2760 ’
1395 2773 1401 2788 .

376 2802 434 2853 Nou
448 2804 511 2854 satis
526 2812 565 2853 est
581 2818 622 2854 ars
640 2804 695 2854 solu
707 2821 780 2856 coeo:
798 2807 893 2856 serviro
910 2805 1024 2871 palatum
1064 2840 1247 2861 ......
1335 2849 1343 2871 ,

374 2870 431 2921 Non
449 2872 513 2933 sibi,
529 2872 576 2921 sed
594 2873 695 2922 domino
714 2882 820 2925 venatur
833 2882 966 2941 vertragus
983 2891 1042 2926 uoer
1064 2908 1248 2928 ......
1334 2918 1342 2940 ,

374 2938 431 2989 Nou
446 2939 520 2989 silice
533 2941 596 2991 duro
612 2941 751 2992 struotilivo
767 2951 897 2994 caemento
928 2979 1248 2997 ..........

374 3007 431 3056 Non
446 3009 495 3056 sim
513 3008 621 3059 talorum
636 3024 742 3062 numero
757 3020 928 3077 partessera,
945 3013 1006 3064 dum
1020 3013 1055 3063 ait
1099 3050 1106 3062 .
1132 3047 1140 3061 .
1168 3047 1175 3062 .
1203 3051 1212 3066 .
1240 3052 1247 3065 .
1349 3055 1355 3077 ,
1395 3048 1401 3062 .

374 3075 431 3124 Non
446 3090 503 3125 sum
521 3078 605 3142 erispa
622 3079 739 3142 quidem,
757 3096 805 3131 nea
819 3082 900 3134 silvae
918 3082 970 3132 lilia
984 3082 1106 3132 Maurae.
1133 3117 1140 3131 .
1168 3115 1175 3132 .
1204 3121 1212 3135 .
1240 3121 1247 3135 .
1283 3082 1399 3145 illuit.

373 3142 431 3193 Non
447 3159 503 3194 sum
521 3146 553 3196 de
570 3147 656 3214 fragili
672 3148 772 3199 dolatus
789 3151 859 3201 ulmo
889 3184 1247 3203 ...........
1313 3157 1355 3216 Vl,
1365 3149 1399 3203 tt.

375 3211 432 3262 Non
446 3228 503 3264 sum
518 3216 551 3266 da
564 3217 776 3281 primo,·fateor‚
790 3219 903 3271 trifolius
918 3220 1002 3286 Lyaeo
1032 3254 1247 3273 .......
1271 3220 1399 3285 xflutll.
1443 3233 1446 3238 '

374 3279 432 3331 Nou
450 3290 548 3334 tautum
564 3284 682 3345 calamis,
697 3287 744 3336 ssd
759 3295 834 3338 oantu
848 3288 946 3339 fallitur
962 3289 1015 3341 ales
1029 3324 1247 3341 .......
1270 3294 1341 3356 XIV,
1353 3288 1401 3344 210.

375 3348 432 3399 Non
447 3359 546 3403 tautum
558 3353 628 3419 pullo
647 3354 763 3420 lugentes
781 3356 875 3407 vedere
892 3357 964 3408 lanas
993 3392 1247 3411 ........
1269 3362 1340 3424 XIV,
1354 3360 1401 3413 15⁷.

374 3417 432 3467 Nou
445 3421 493 3471 tibl
506 3422 538 3472 de
551 3422 656 3489 Libyeis
672 3425 772 3475 tuberes
787 3433 812 3475 et
826 3427 933 3493 apyrina
946 3428 1024 3477 ramis
1063 3463 1070 3476 .
1099 3464 1101 3469 -
1133 3463 1139 3475 .
1168 3463 1174 3475 .
1204 3466 1212 3479 .
1239 3464 1247 3478 .
1289 3427 1399 3491 xmus

372 3484 428 3537 Non
444 3495 482 3539 tot
499 3492 525 3540 in
540 3491 601 3542 Eois
617 3494 701 3543 timuit
717 3491 870 3560 Gangetlous
889 3495 956 3545 arvis
994 3530 1246 3549 ........
1289 3500 1355 3559 VlIl,
1367 3495 1399 3548 tt.

376 3554 432 3607 Non
445 3564 525 3609 totum
543 3560 621 3622 mihi,
639 3563 662 3612 ai
678 3562 791 3629 vacabit,
808 3563 896 3613 horam
928 3599 1247 3617 ..........
1320 3569 1353 3630 V,
1367 3564 1400 3615 tt.

291 3829 400 4175 l

415 4243 868 4301 —d
