3434 4575
436 481 478 543 62
770 490 806 538 o.
829 490 902 539 run.
925 491 1113 540 ruvuunms

436 632 588 697 Pascendi.
623 631 698 706 Quid
721 649 805 710 agam
830 630 930 691 bruma
953 630 1102 709 spirante?
1127 632 1210 712 quid,
1234 651 1301 710 oro,

437 718 512 792 Quid
535 717 629 778 dicam
654 716 784 794 scapulis
807 732 964 795 puerorum
988 716 1125 795 aquilone
1148 716 1308 777 Decembri

436 802 473 864 Et
495 799 641 882 podibus?
662 801 763 862 durate
787 809 875 878 atque
896 808 1070 878 exspectate
1094 798 1233 861 cicadas?

438 888 561 962 Verum,
586 894 616 947 ut
638 884 819 961 dissimules,
847 893 877 943 ut
898 885 994 943 mittas
1017 894 1134 960 cetera,
1159 894 1265 964 quanto
1394 896 1428 951 to

439 971 547 1032 llctiris
569 971 682 1051 pretio,
705 968 799 1049 quod,
822 969 850 1027 ni
872 967 924 1027 tihi
947 967 1061 1028 deditus
1085 986 1180 1029 essem

437 1055 628 1134 Devotusquc
652 1054 760 1129 cliens,
786 1069 861 1112 uxor
882 1060 930 1111 tua
951 1053 1035 1129 virgo
1060 1050 1211 1113 maneret?

437 1141 503 1201 Scis
526 1149 626 1216 certe,
653 1137 756 1218 quihus
781 1138 836 1196 ista
859 1135 968 1211 modis,
992 1154 1076 1215 quam
1101 1155 1191 1216 saepe
1215 1143 1331 1217 rogaris

437 1223 474 1285 Et
496 1242 572 1304 quac
597 1222 755 1302 pollicitus.
790 1219 961 1299 Fugientem
984 1237 1075 1300 saepe
1098 1221 1223 1300 puellam

438 1308 583 1387 Amplexu
607 1307 706 1384 rapui;
729 1304 843 1366 tabulas
865 1321 982 1384 quoque
1005 1314 1125 1385 ruperat
1148 1315 1176 1365 et
1199 1309 1254 1367 iam
1396 1317 1429 1376 ts

438 1392 593 1471 Signabat:
622 1400 682 1451 tota
707 1391 756 1448 vix
782 1388 840 1449 hoc
863 1405 920 1467 ego
948 1398 1035 1449 nocte
1057 1390 1179 1466 redemi,

438 1477 481 1538 le
511 1477 644 1556 plorante
667 1474 754 1534 ioris:
796 1471 881 1534 testis
903 1472 970 1534 mihi
995 1473 1120 1534 lectulus
1144 1484 1173 1534 et
1194 1485 1235 1552 tu,

440 1561 483 1621 Ad
508 1578 593 1639 quem
618 1559 753 1638 pervenit
775 1557 844 1617 lecti
869 1575 958 1617 sonus
981 1567 1011 1617 et
1032 1559 1165 1619 dominae
1187 1577 1255 1619 vox.

440 1644 577 1706 instabile
601 1661 637 1704 ao
658 1643 752 1703 dtrrmi
773 1651 908 1720 coeptum
935 1651 964 1701 et
985 1644 1041 1702 iam
1065 1661 1161 1722 paene
1184 1644 1308 1705 solutum

440 1729 612 1807 Coniugium
634 1728 662 1787 in
684 1727 780 1787 multis
804 1726 937 1787 domibus
959 1728 1086 1787 serravit
1107 1727 1230 1788 adulter.
1395 1739 1431 1793 80

441 1813 506 1888 Quo
527 1823 556 1873 te
581 1809 784 1890 circumagasi
807 1829 882 1890 quae
906 1811 996 1890 prima
1017 1819 1065 1872 aut
1086 1812 1185 1873 ultima
1207 1809 1321 1891 ponas?

441 1897 554 1959 Nullum
580 1914 652 1975 ergo
677 1898 810 1956 meritum
833 1904 897 1972 est,
923 1897 1035 1973 ingrate
1060 1914 1095 1956 ac
1115 1895 1245 1974 perlida,
1268 1897 1386 1974 nullum,

438 1981 526 2057 Quod
548 1981 600 2041 tibi
624 1980 731 2042 liliolus
754 1980 802 2040 vel
825 1979 883 2040 lilia
909 1981 1037 2040 nascitur
1059 1998 1097 2040 ex
1118 1978 1186 2040 mel

440 2066 533 2127 Tollis
560 2066 635 2126 eninr
660 2075 689 2124 et
711 2063 793 2125 libris
817 2073 948 2124 actorum
970 2082 1113 2142 spargere
1135 2064 1247 2142 gaudes

442 2153 619 2229 Argumenta
640 2150 702 2207 viri.
735 2146 860 2207 Furibus
886 2149 1033 2226 suspende
1056 2164 1191 2224 coronas,
1397 2160 1432 2214 85

441 2237 499 2297 lam
522 2243 606 2313 pater
629 2250 678 2294 es:
702 2231 849 2306 dedimus,
875 2230 953 2310 quod
976 2232 1070 2295 lamae
1092 2249 1246 2313 opponere
1265 2234 1377 2314 possim

441 2320 504 2381 lura
527 2319 655 2397 parentis
678 2315 787 2392 habes,
811 2325 935 2395 propter
956 2334 1002 2375 me
1028 2318 1167 2378 scriberis
1191 2317 1290 2394 heres,

441 2404 579 2483 Legatum
602 2419 686 2462 omne
706 2402 803 2480 capis,
826 2417 960 2460 necnon
985 2410 1013 2459 et
1037 2402 1122 2463 dulce
1147 2403 1295 2467 caducum.

442 2486 601 2549 Commoda
625 2494 780 2566 praeterea
803 2485 958 2562 iungentur
979 2486 1066 2547 multa
1089 2487 1217 2561 caducis,

442 2575 472 2633 Si
495 2588 656 2645 numerum,
680 2571 705 2628 si
727 2578 787 2629 tres
811 2570 1009 2648 implevero.“
1048 2569 1124 2631 lusta
1146 2571 1268 2646 doloris,
1399 2582 1433 2637 90

443 2654 590 2730 Naevole,
615 2672 702 2715 causa
726 2653 780 2722 tui;
809 2663 910 2714 contra
933 2663 1028 2714 tamen
1051 2655 1101 2716 illc
1124 2656 1192 2735 quid
1212 2654 1316 2716 affert?

396 2777 400 2794 .
484 2738 649 2817 „Neglegit
663 2748 750 2816 atque
772 2738 858 2799 alium
882 2738 1018 2818 bipedem
1042 2740 1097 2800 sibi
1120 2742 1233 2821 quaerit
1256 2741 1388 2801 asellum.

442 2824 523 2885 llaec
548 2822 604 2883 soli
630 2824 784 2882 commissa
805 2823 858 2883 tibi
880 2823 982 2884 celare
1006 2834 1160 2899 memento,

443 2909 479 2969 Et
502 2908 605 2969 tacitus
629 2916 743 2967 nostras
767 2908 838 2967 intra
862 2917 890 2967 te
915 2908 972 2986 fige
996 2909 1157 2987 querellas:

444 2992 515 3053 llam
537 3010 586 3051 res
609 2992 757 3053 mortifera
784 3001 829 3051 est
857 2993 987 3052 inimicus
1010 2995 1123 3072 pumice
1147 2993 1230 3052 levis.
1400 3004 1435 3059 95

444 3076 499 3151 Qui
522 3076 609 3136 modo
632 3086 777 3136 secretum
801 3079 1000 3152 commiserat,
1023 3079 1106 3139 ardet
1126 3088 1155 3137 et
1178 3078 1247 3152 odit,

444 3162 600 3241 Tamquam
622 3160 814 3239 prodiderim,
840 3159 979 3240 quidquid
1002 3163 1075 3222 scio.
1113 3163 1234 3221 Sumere
1258 3162 1376 3237 ierrunr,

445 3246 532 3307 Fuste
557 3246 674 3323 aperire
698 3253 799 3323 caput,
826 3243 974 3305 candelam
1001 3264 1152 3325 apponere
1177 3245 1269 3305 valvis

445 3331 508 3391 Non
532 3329 656 3397 dubitat;
685 3347 740 3389 nec
764 3338 931 3388 contemnas
954 3340 1002 3390 aut
1023 3331 1189 3410 despicias,
1218 3329 1294 3408 quod

445 3414 496 3474 llis
515 3413 622 3493 opibus
644 3431 796 3491 numquam
823 3430 891 3473 cara
912 3423 957 3473 est
977 3432 1090 3476 annona
1112 3415 1227 3475 veneni.
1387 3426 1436 3478 100

446 3498 526 3576 Ergo
549 3497 665 3558 occulta
688 3507 789 3575 teges,
812 3505 841 3556 ut
864 3498 942 3556 curia
962 3496 1061 3558 llartis
1083 3497 1240 3558 Athenis.“

447 3582 470 3640 0
492 3579 648 3659 Corydon,
676 3580 831 3657 Corydon,
856 3590 1002 3641 secretum
1026 3582 1122 3643 divitis
1147 3582 1234 3643 ullum

448 3666 521 3727 usse
544 3663 653 3744 putas?
681 3667 759 3727 servi
781 3674 812 3726 ut
834 3674 968 3744 taceant,
995 3667 1120 3729 iumenta
1143 3668 1308 3747 loquentur,

448 3750 482 3813 Et
505 3752 583 3813 canis
604 3759 634 3812 et
656 3761 758 3827 postas
779 3760 810 3813 et
832 3768 983 3813 marmora.
1019 3749 1130 3815 Claude
1151 3751 1308 3822 lenestras.
