3434 4575
410 479 474 542 210
733 477 779 539 Ill.
795 477 886 539 VAL.
902 475 1129 538 MARTIALIS

473 630 647 710 olnscripta
662 633 710 688 est
724 629 806 687 basis
820 625 1000 706 indicatque
1018 626 1165 688 nomen.“

493 714 674 776 Λυσίππου
685 710 776 790 lego,
798 710 929 770 Phidiae
943 712 1058 791 putavi.

887 860 980 921 XLV.

492 971 589 1034 Mller
605 973 828 1053 Hyperboreos
842 970 950 1050 modo,
974 970 1178 1053 Marcelline,
1194 977 1320 1038 triones

533 1058 576 1117 Et
589 1057 692 1118 Getici
707 1054 825 1116 tuleras
840 1054 943 1115 sidera
958 1055 1046 1134 pigra
1059 1054 1141 1134 poli:

490 1142 574 1201 Ecce
588 1141 769 1200 Promethei
783 1157 877 1218 rupes
892 1144 925 1198 et
937 1138 1040 1198 fabula
1053 1142 1166 1200 montis

536 1224 631 1301 Quam
647 1242 746 1304 prope
761 1228 833 1282 sunt
849 1220 965 1299 oculis,
987 1241 1068 1282 nunc
1083 1223 1244 1302 adeunda,
1266 1229 1351 1289 tuis!

470 1307 620 1370 svideris
634 1308 792 1367 immensis
808 1326 877 1365 cnm
894 1303 1083 1366 conclamata
1099 1307 1251 1386 querellis

537 1391 615 1451 Saxa
629 1394 729 1470 senIs,
752 1389 837 1450 dices
852 1390 990 1467 „Durior
1007 1392 1075 1469 ipsc
1090 1392 1183 1453 fuit.“

491 1476 534 1536 Et
547 1473 625 1534 licet
639 1476 717 1535 haec
732 1473 842 1533 addas:
865 1473 995 1550 „Potuit
1010 1476 1063 1551 qui
1076 1473 1152 1534 talia
1166 1475 1274 1557 ferre,

533 1559 706 1618 Humanum
721 1558 833 1617 merito
848 1557 980 1616 fluxerat
994 1554 1052 1617 ille
1066 1560 1196 1637 genus.“

878 1721 984 1783 XLVI.

492 1839 611 1901 Gellius
627 1838 773 1899 aedlficat
787 1856 926 1920 semper:
949 1837 1040 1900 modo
1054 1837 1161 1899 limina
1174 1841 1283 1920 ponit,

532 1925 620 1984 Nunc
635 1923 756 1983 foribus
771 1921 872 1982 claves
887 1928 973 2002 aptat
990 1924 1126 2002 emitque
1142 1926 1247 2000 sera's;

491 2010 579 2069 Nunc
593 2008 666 2085 has,
688 2027 769 2066 nunc
783 2005 854 2065 illas
869 2007 974 2065 reficit
988 2014 1147 2085 mutatque
1162 2006 1340 2071 fenestras:

533 2093 612 2152 Dum
626 2096 746 2151 tantum
761 2090 922 2168 aedificet,
946 2090 1099 2168 quidlibet
1112 2089 1167 2150 Ille
1184 2091 1278 2173 lacit,

469 2176 602 2238 50ranti
616 2193 755 2233 nummos
767 2180 801 2232 ut
818 2172 925 2234 dicere
939 2176 1038 2253 possit
1052 2175 1148 2235 amico

534 2260 635 2321 Unum
652 2255 733 2318 illud
748 2258 878 2318 verbnm
893 2256 1016 2319 Gellius
1030 2256 1226 2338 „Aedilico.“

869 2412 991 2475 XLVII.

493 2532 706 2609 Democritos,
728 2531 872 2591 Zenonas
885 2529 1145 2611 inexplicitosque
1158 2530 1310 2595 Platonas

536 2614 694 2695 Quidquid
708 2622 741 2676 et
755 2616 884 2675 hirsutis
900 2613 1024 2694 squalet
1037 2617 1237 2695 imaginihus,

494 2700 546 2761 Sic
561 2701 647 2779 quasi
663 2700 858 2779 Pythagorae
872 2697 1013 2778 loqueris
1028 2719 1188 2761 successor
1203 2707 1237 2762 et
1250 2702 1368 2784 heres,

534 2784 734 2865 Praependet
748 2783 849 2843 Samia
865 2801 923 2844 nec
938 2783 995 2843 tihi
1010 2785 1106 2844 barba
1120 2786 1229 2847 minor.

470 2867 558 2931 used
575 2866 657 2945 quod
670 2874 703 2949 et
716 2868 849 2930 hircosis
867 2885 971 2927 serum
986 2874 1035 2927 est
1050 2875 1083 2928 et
1096 2875 1188 2948 turpe
1202 2868 1332 2950 pilosis,

533 2952 567 3011 In
582 2949 671 3009 molli
685 2949 815 3030 rigidam
830 2949 919 3011 clune
933 2949 1069 3012 libenter
1083 2953 1188 3013 habes.

493 3035 558 3112 Tu,
581 3035 633 3114 qui
650 3041 804 3096 sectarum
820 3055 924 3095 causas
940 3040 973 3093 et
985 3035 1126 3115 pondera
1139 3038 1239 3114 nosti,

534 3120 592 3179 Dic
606 3118 698 3196 mihi,
718 3117 856 3200 persidi,
877 3120 1060 3198 Pannyche,
1080 3119 1189 3199 dogma
1204 3120 1289 3201 quod
1303 3126 1379 3186 est?

864 3268 997 3332 XLVIII.

494 3381 653 3443 Heredem
668 3403 736 3444 cum
750 3402 800 3444 me
813 3386 912 3464 partis
926 3384 999 3460 tibi,
1022 3383 1168 3461 Garrire,
1191 3392 1324 3463 quartae

535 3467 599 3527 Por
613 3472 666 3527 tua
682 3469 802 3527 iurares
817 3487 905 3527 sacra
921 3473 1073 3545 caputque
1091 3474 1192 3544 tuum,

496 3548 702 3629 Credidimus,
713 3585 757 3596 -
768 3552 836 3630 quis
851 3552 932 3610 enirn
950 3549 1074 3611 damnet
1088 3571 1142 3611 sua
1154 3556 1226 3611 vota
1239 3548 1411 3618 libenter?
1422 3586 1456 3599 -

535 3634 576 3695 Et
591 3653 677 3714 spem
691 3636 870 3696 muneribus
884 3634 1015 3695 fovimus
1028 3654 1126 3715 usque
1141 3633 1238 3711 datis;

472 3716 581 3777 51nter
597 3737 674 3797 quae
689 3720 753 3779 rari
766 3719 953 3780 Laurentem
966 3718 1115 3802 ponderis
1130 3740 1237 3803 aprum
