3434 4575
261 3813 358 4167 l

346 4273 875 4301 '‘’·W

669 345 714 407 M.
731 345 822 408 VAL.
838 345 1064 406 MARTlALlS

807 543 926 607 LXXll.

428 665 559 725 Frustra
572 660 746 721 Blanditiae
759 662 871 720 venitis
886 658 924 718 ad
938 677 986 719 me

429 748 556 807 Attritis
571 745 765 806 miserabiles
778 743 912 805 labellis.

430 832 575 890 Dicturus
590 828 744 888 dominum
760 827 912 906 deamque
929 845 991 884 uon
1007 843 1084 884 sum.

429 915 490 974 lam
508 933 568 973 non
584 919 633 972 est
645 910 732 972 locas
746 912 804 971 bae
820 913 852 971 in
869 911 945 969 urbe
959 909 1063 982 vobis;

407 998 479 1060 5Ad
492 997 623 1057 Parthos
637 994 746 1075 procul
760 997 804 1055 ite
819 993 950 1073 pileatos

428 1083 470 1142 Et
484 1087 591 1160 turpes
611 1080 803 1158 humilesque
818 1075 1036 1157 supplicesque

432 1166 589 1225 Pictorum
604 1161 671 1223 sola
684 1164 801 1222 basiate
816 1180 933 1240 regum.

429 1248 497 1308 Non
514 1254 562 1307 est
576 1247 627 1307 hic
642 1246 797 1323 dominns,
821 1243 877 1304 sed
891 1246 1077 1323 imperator,

429 1330 493 1391 Sed
507 1331 690 1389 iustissimus
708 1331 841 1388 omnium
857 1333 996 1404 senator,

389 1415 488 1477 10Per
504 1431 595 1492 quem
609 1412 647 1472 de
663 1413 769 1490 Stygia
783 1411 873 1471 domo
888 1410 1017 1470 reducta
1032 1417 1082 1469 est

429 1498 525 1557 Siccis
541 1497 655 1555 rustica
671 1495 795 1557 Veritas
810 1492 930 1575 capillis

428 1580 496 1640 Hoc
510 1581 565 1639 sub
580 1581 739 1660 principe,
762 1581 788 1639 si
803 1580 899 1658 sapis,
922 1582 1045 1654 caveto,

428 1664 559 1742 Verbis,
580 1665 691 1741 Roma,
712 1664 868 1744 prioribus
881 1659 1030 1737 loquaris.

797 1794 929 1856 LXXlll.

428 1908 549 1968 Littera
562 1908 687 1969 facundi
703 1915 822 1988 gratum
837 1907 913 1966 mihi
925 1906 1035 1986 pignus
1050 1907 1142 1966 amici

469 1991 620 2067 Pertulit,
641 1993 793 2051 Ausoniae
811 1989 891 2049 dona
907 1991 1038 2069 superba
1052 1994 1161 2068 togae,

382 2112 385 2119 ·
429 2077 495 2153 Qua
509 2094 570 2134 non
584 2075 762 2149 Fabricius,
784 2073 840 2131 sed
854 2071 951 2132 vellet
965 2073 1091 2151 Apicius
1109 2075 1174 2152 uti,

471 2156 576 2218 Vellet
591 2157 755 2214 Maecenas
771 2155 971 2215 Caesarianus
987 2174 1092 2234 eques.

407 2239 533 2303 5Vilior
549 2240 626 2298 haec
642 2238 732 2298 nobis
748 2236 808 2298 alio
825 2239 970 2300 mittente
984 2239 1109 2301 fuisset:

468 2323 538 2383 Non
553 2340 733 2401 quacunque
748 2342 839 2382 manu
855 2325 978 2384 victima
993 2342 1081 2384 caesa
1097 2323 1178 2389 litat.

426 2406 501 2465 Ate
516 2406 608 2464 missa
620 2407 714 2469 venit.
747 2407 875 2467 Possem
889 2408 949 2466 nisi
964 2426 1071 2467 munus
1087 2428 1208 2489 amare,

467 2489 590 2567 Marce,
605 2494 707 2568 tuum,
724 2498 864 2571 poteram
879 2509 991 2550 nomen
1008 2511 1110 2552 amare
1128 2512 1242 2556 menna

425 2572 558 2633 Munere
574 2572 630 2633 sed
644 2574 713 2653 plus
728 2580 777 2634 est
791 2580 824 2633 et
837 2575 961 2633 nomine
976 2576 1092 2652 gratius
1109 2577 1179 2657 ipso

386 2664 419 2716 10
467 2657 611 2718 Officium
626 2657 710 2718 docti
726 2657 934 2736 iudiciumque
951 2658 1019 2717 viri.

797 2804 929 2865 LXXIV.

424 2912 486 2971 lam
499 2931 592 2990 parce
606 2911 705 2991 lasso,
726 2915 837 2993 Roma,
860 2914 1059 2994 gratulaturi,

424 2994 518 3056 Lasso
535 2993 650 3057 clienti.
682 2998 831 3073 Quamdiu
846 2997 995 3059 salutator

423 3077 684 3140 Anteambulones
698 3087 732 3140 et
745 3081 898 3159 togatulos
914 3084 998 3143 inter

424 3161 555 3224 Centum
568 3164 713 3224 merebor
726 3163 888 3243 plumbeos
904 3165 955 3226 die
971 3172 1053 3242 toto,
1097 3219 1099 3223 ,

401 3244 502 3303 tcum
516 3245 651 3326 Scorpus
665 3266 725 3306 una
739 3248 915 3326 quindecim
930 3267 1037 3329 graves
1053 3249 1134 3310 hora

420 3327 585 3389 Ferventis
602 3331 668 3407 suri
682 3331 780 3391 victor
795 3334 915 3393 auferat
929 3332 1055 3393 saccos?

420 3408 489 3470 Non
503 3430 560 3491 ego
575 3431 711 3473 meorum
725 3418 894 3494 praemium
907 3415 1100 3494 libellorum,

423 3527 459 3535 v—
477 3496 557 3571 Quid
572 3497 655 3556 enim
670 3499 853 3558 merentur‘.²
868 3530 913 3547 —-
925 3499 1063 3581 Appulos
1079 3499 1176 3563 velim
1193 3524 1337 3588 campos3

420 3575 488 3637 Non
503 3579 620 3659 Hybla,
643 3599 705 3640 uon
719 3600 768 3641 me
783 3582 911 3662 spicifer
926 3586 1008 3663 capit
1023 3582 1129 3662 Nilus,
1203 3608 1207 3615 ·
