3434 4575
715 474 840 520 sauma
862 475 885 519 1.
1264 462 1283 523 3

305 618 368 679 Νοιι
392 632 467 694 ego,
492 632 577 694 quum
600 613 715 688 scribo,
742 615 766 672 si
792 612 869 673 forte
893 614 960 692 qnid
984 615 1078 692 aptius
1102 617 1160 675 exit
1174 650 1217 662 —
1248 625 1283 680 45

304 701 424 776 Quando
447 699 521 758 haec
543 715 607 756 rara
631 699 692 757 avis
717 707 762 756 est
778 730 820 743 -
838 699 863 755 si
884 697 951 776 quid
975 707 1069 758 tamen
1093 701 1186 777 aptius
1212 701 1282 775 exit,

303 785 423 846 Laudari
447 791 585 855 metuam,
610 798 704 859 neque
729 782 803 839 enim
824 780 892 839 mihi
916 798 1021 841 cornea
1045 782 1116 842 libra
1139 794 1198 852 est:

303 870 361 929 Sed
386 867 460 926 recti
485 866 627 942 finemque
654 874 869 942 extremumque
891 883 957 924 esse
984 883 1090 926 recuso

303 953 387 1029 Euge
410 959 487 1010 tuum
509 959 539 1008 et
562 948 650 1008 belle.
688 946 758 1007 Nam
781 947 860 1008 belle
884 948 941 1009 hoc
965 959 1071 1010 excute
1094 960 1198 1012 totum:

304 1037 380 1110 Quid
401 1051 458 1093 non
481 1035 555 1091 intus
580 1030 688 1091 habet?
714 1049 771 1090 non
793 1032 840 1091 hic
864 1043 908 1091 est
933 1033 1000 1092 llias
1025 1033 1083 1092 aur
1250 1047 1286 1098 50

303 1121 392 1181 Ebria
414 1113 553 1177 veratro?
578 1133 634 1175 non
657 1118 681 1174 si
703 1134 758 1193 qua
783 1116 908 1193 elegidia
931 1117 1011 1177 crudi

303 1205 454 1264 Dictarunt
473 1197 636 1278 proceres?
662 1216 719 1258 non
741 1201 879 1278 quidquid
902 1201 1026 1280 denique
1048 1201 1132 1261 lectis

304 1287 446 1348 Scribitur
467 1287 495 1344 in
519 1281 638 1344 citreis?
664 1281 793 1343 Calidum
816 1287 876 1343 scis
898 1302 1009 1362 ponere
1035 1302 1145 1360 sumen,

304 1373 370 1432 Scis
394 1371 527 1430 comitem
550 1367 727 1427 horridulum
749 1369 814 1427 trita
839 1368 948 1428 donare
974 1369 1103 1444 lacerna,

304 1455 355 1516 Et:
381 1473 502 1528 oerum,
525 1453 635 1529 inquis,
660 1470 748 1512 amo:
770 1470 878 1512 verum
899 1454 971 1514 mibi
994 1455 1086 1514 dieite
1107 1453 1146 1513 de
1165 1473 1222 1513 me.
1251 1463 1284 1516 55

305 1538 360 1612 Qui
382 1534 473 1616 pote?
495 1538 537 1594 vis
562 1533 674 1595 dicam?
701 1538 834 1613 nugaris,
858 1555 944 1614 quum
964 1536 1030 1612 tibi,
1052 1537 1146 1610 calve,

304 1624 420 1700 Pinguis
443 1619 622 1698 aqualiculus
648 1628 788 1696 protenso
812 1621 989 1698 sesquipede
1014 1630 1118 1680 exstet.

305 1706 434 1780 Olane,
458 1723 475 1763 a
499 1714 583 1781 tergo
606 1721 690 1780 quem
713 1702 791 1762 nulla
816 1705 928 1763 ciconia
950 1705 1047 1781 pinsit,

307 1790 367 1851 Nec
390 1807 487 1849 manns
511 1788 654 1847 auriculas
677 1788 778 1846 imitari
803 1787 919 1847 mobilis
945 1787 1037 1861 albas,

306 1875 366 1935 Nec
390 1873 523 1950 linguae,
547 1881 681 1949 quantum
703 1872 780 1929 sitiat
806 1873 884 1930 canis
907 1870 1038 1949 Appula,
1061 1871 1172 1931 tantae!
1251 1882 1285 1935 bb

307 1958 383 2031 l'on,
407 1974 424 2015 o
451 1957 588 2034 patricius
611 1957 744 2031 sanguis,
769 1973 842 2032 quos
866 1957 965 2015 vivere
988 1955 1031 2014 fas
1052 1965 1096 2013 est
1158 1976 1161 2023 3

253 2079 255 2085 ·
305 2042 430 2118 decipiti
452 2057 558 2116 caeco,
582 2041 714 2117 posticae
738 2040 883 2098 occurrite
906 2039 1027 2100 sannae!
1146 2038 1173 2105 ab

347 2125 419 2198 Quis
442 2123 543 2203 populi
561 2142 657 2183 sermo
681 2121 746 2182 est?
769 2125 833 2202 quis
857 2126 946 2199 enim,
971 2124 1025 2181 nisi
1047 2125 1171 2182 carmina
1191 2121 1270 2181 molli

304 2210 387 2269 Nunc
407 2208 519 2268 demum
542 2226 660 2267 numero
683 2207 790 2281 lluere,
814 2218 844 2267 ut
866 2208 1005 2286 perleve
1027 2224 1149 2266 severos

304 2293 438 2354 Effundat
456 2296 584 2352 iunctura
605 2291 739 2368 ungues?
762 2294 824 2352 Scit
846 2294 966 2353 tendere
989 2311 1105 2352 versum
1251 2301 1285 2355 65

304 2378 369 2438 Non
391 2395 476 2436 secus
503 2394 538 2436 ac
560 2378 584 2435 si
605 2377 692 2437 oculo
715 2377 857 2436 rubricam
880 2378 984 2455 dirigat
1006 2393 1078 2443 uuo;

305 2465 373 2522 Sive
397 2478 470 2539 opus
494 2462 522 2519 in
543 2478 656 2536 mores,
679 2463 707 2519 ln
733 2461 845 2536 luxum,
869 2463 896 2520 in
918 2462 1036 2539 prandia
1057 2479 1159 2538 regum

304 2547 429 2620 Dicere,
453 2563 501 2605 res
521 2545 647 2621 grandes
669 2554 769 2603 nostro
792 2544 841 2604 dat
861 2544 943 2604 blusa
965 2554 1082 2623 poetae.

304 2630 385 2690 Ecce
408 2629 493 2688 modo
516 2629 622 2689 heroas
646 2647 749 2688 sensus
772 2629 876 2687 alferis
899 2629 1028 2688 videmus

305 2714 413 2790 Nugari
437 2712 540 2772 solitos
562 2731 685 2789 graece,
710 2730 765 2771 nec
787 2730 897 2789 ponere
921 2713 1017 2791 lucum
1046 2771 1063 2784 ,,
1252 2720 1287 2777 70

306 2799 442 2856 Artilices
464 2814 520 2856 nec
543 2815 592 2855 rus
615 2806 740 2865 saturum
761 2796 895 2871 laudare,
921 2796 969 2855 ubi
992 2793 1097 2856 corbes

305 2882 343 2942 llt
368 2881 451 2940 locus
474 2890 503 2939 et
525 2882 607 2957 porci
632 2889 661 2940 et
681 2880 792 2939 fumosa
810 2879 911 2939 Palilia
933 2880 1031 2955 foeno,

305 2964 387 3025 Unde
411 2963 517 3024 Remus
541 2964 682 3043 sulcoque
706 2973 803 3023 terens
828 2963 969 3039 dentalia,
993 2965 1100 3039 Quinti,

306 3050 400 3122 Quem
427 3049 539 3126 trepida
561 3058 626 3108 ante
649 3048 740 3108 boves
763 3048 933 3108 dictaturam
955 3049 1044 3109 induit
1065 3064 1139 3106 uxor

305 3132 344 3192 Et
366 3141 412 3190 tna
436 3142 530 3192 aratra
554 3133 671 3192 domum
687 3133 772 3192 lictor
800 3132 917 3191 tulit-
943 3151 1018 3209 euge
1041 3132 1143 3215 poeta!
1253 3136 1285 3189 75

306 3215 359 3275 Est
380 3233 454 3275 nunc
480 3216 589 3275 Brisaei
614 3234 697 3294 quem
720 3234 846 3275 venosus
872 3215 947 3275 liber
970 3217 1052 3290 dcci,

306 3301 378 3359 Sunt
404 3316 478 3378 quos
503 3300 702 3378 Pacuviusque
726 3309 756 3359 et
777 3317 934 3359 verrucosa
960 3309 1088 3358 moretur

306 3382 449 3462 Antiopa,
473 3385 615 3443 aerumnis
643 3401 694 3444 cor
717 3383 904 3444 luctificabile
925 3381 1015 3443 fulta?

307 3466 367 3526 llos
392 3468 490 3544 pueris
513 3469 636 3526 monitus
660 3477 758 3546 patres
783 3467 934 3527 infundere
957 3466 1053 3548 lippos
1088 3543 1090 3548 Α

307 3551 400 3623 Quum
423 3550 539 3625 videas,
563 3555 730 3630 quaerisne,
758 3551 832 3610 unde
856 3552 930 3612 hacc
953 3543 1069 3626 sartago
1095 3546 1232 3626 loquendi
1253 3554 1287 3605 80

306 3634 427 3694 Venerit
449 3635 476 3692 in
501 3635 629 3713 linguas,
655 3636 730 3696 unde
754 3637 829 3694 istuc
852 3635 996 3707 dedecus,
1023 3635 1129 3710 inquo

307 3717 464 3778 Trossulus
489 3719 614 3779 exsultat
638 3720 689 3779 tibi
713 3738 767 3798 per
788 3717 929 3778 subsellia
954 3714 1081 3857 Ιονίεἷῃ
