3434 4575
717 481 928 532 vanneto.
1235 484 1309 534 xvn

316 629 400 685 bonam
418 629 518 684 fraudes
536 629 615 700 lepida
633 628 819 700 amplificatione
845 631 998 703 persequitur
1015 630 1057 696 (v.
1069 635 1149 688 83·—
1162 634 1240 699 130).
1275 633 1310 687 dd

317 800 375 852 orno
388 799 460 864 redit,
472 813 536 870 quae
546 813 622 870 qumn
639 797 764 853 alonteio
775 799 876 854 consule
886 799 1013 871 sexaginta
1033 814 1108 853 annos
1124 808 1242 866 numerat,
1254 815 1276 856 a.
1285 816 1308 870 p.

316 882 372 938 Chr.
386 887 439 942 119
451 898 465 937 1
477 882 591 938 luvenale
608 884 659 939 lere
678 885 866 954 septuagenario
884 886 974 953 scripta
985 891 1037 943 est:
1055 899 1129 938 senex
1141 885 1215 955 igitur
1225 878 1309 940 abnam

316 968 422 1022 amicum
434 967 577 1030 Calvinum,
595 968 636 1038 qui
653 969 737 1023 decem
753 969 864 1022 sestertia
875 969 962 1023 violata
978 968 1025 1022 lide
1035 970 1122 1024 amissa
1133 971 1238 1038 graviter
1248 970 1309 1025 lere-

316 1052 401 1117 batla.
413 1054 529 1119 1-18),
542 1052 574 1106 111
586 1053 625 1108 vel
635 1053 788 1123 reprehendit
793 1053 831 1108 vel
843 1053 990 1119 consolatur,
1002 1060 1030 1107 nt
1040 1052 1144 1122 primunr
1155 1068 1308 1108 communem

314 1135 391 1191 temali
403 1137 548 1206 pravitatem
559 1137 689 1209 recogitari
700 1136 795 1203 iubeat,
814 1137 838 1192 in
856 1153 903 1209 qua
920 1137 980 1192 lldes
997 1138 1078 1206 potins
1088 1152 1132 1207 pro
1144 1139 1256 1210 prodigio
1267 1138 1308 1192 ha-

317 1219 396 1276 benda
414 1221 447 1274 sit
458 1220 495 1284 (a.
512 1223 543 1278 19
552 1249 588 1260 -
598 1225 661 1291 70),
679 1229 731 1276 tum
745 1221 878 1292 peculiares
889 1222 986 1291 periurii
998 1236 1082 1275 causas
1093 1220 1199 1276 Platonis
1213 1222 1307 1293 Legum

317 1306 404 1360 librum
413 1305 537 1360 decimum
548 1314 647 1360 secutus
657 1321 688 1359 ex
698 1306 778 1376 impiis
788 1306 857 1378 vulgi
868 1305 1021 1376 opinionibus
1034 1306 1247 1376 lalsaqnedeomm
1259 1309 1305 1360 eni·

317 1391 455 1444 stimauone
467 1397 561 1458 repetat
578 1391 614 1457 (1.
626 1393 795 1457 71-119);
817 1390 905 1445 deinde
922 1406 980 1445 uero
991 1405 1022 1444 ne
1036 1389 1201 1460 philosophiae
1211 1392 1308 1462 quidem

317 1474 409 1528 solatiis
420 1487 497 1544 egere
508 1473 583 1535 dicat.
604 1475 646 1546 qui
657 1475 764 1545 quotidie
776 1475 865 1529 maima
877 1475 969 1531 scelera
980 1482 1005 1528 et
1014 1475 1134 1530 committi
1144 1483 1170 1529 et
1184 1476 1263 1546 puniri
1273 1476 1309 1530 vi-

318 1558 372 1613 deat
382 1557 420 1624 (u.
436 1562 487 1614 110
495 1588 534 1596 -
545 1562 620 1626 177),
633 1574 679 1613 nec
688 1560 710 1614 si
720 1560 824 1614 martime
838 1560 967 1615 humanam
979 1558 1109 1613 uindictam
1119 1561 1237 1615 scelestus
1248 1559 1308 1613 effu·

318 1643 377 1714 giat,
390 1642 554 1697 conscientiae
565 1644 686 1698 cruciatus
696 1644 779 1699 etitari
790 1659 862 1714 posse
874 1653 971 1700 moneat
983 1645 1018 1710 (v.
1031 1647 1079 1702 178
1089 1647 1214 1713 -135);
1224 1659 1307 1716 quam·

319 1741 391 1798 quam
406 1741 439 1781 ne
455 1726 492 1780 sic
508 1727 605 1797 quidem
618 1743 687 1797 spem
699 1728 787 1798 deponi
798 1731 850 1782 uult
866 1729 929 1794 lore,
940 1737 968 1783 ut
983 1727 1048 1782 idem
1058 1729 1121 1782 uelut
1135 1729 1309 1784 consuetudine

319 1811 435 1880 percandi
452 1810 584 1880 implicitus
602 1812 728 1883 aliquando
744 1814 818 1868 etiarn
828 1813 897 1867 vinus
908 1812 932 1868 in
943 1813 1020 1868 iustae
1032 1827 1125 1881 poenae
1136 1812 1234 1883 laqueos
1249 1813 1308 1869 inci·

319 1895 357 1950 dat
381 1896 623 1963 (1.136-119).
651 1895 838 1968 Elegantissime
861 1913 932 1967 porro
955 1896 1086 1967 cademque
1108 1897 1250 1968 gravissima
1272 1906 1309 1952 est

320 1986 406 2053 quarto
416 1979 523 2040 mera.
534 1997 596 2051 qnae
606 1997 620 2036 a
631 1981 702 2036 mais
713 1989 839 2052 parentum
850 1982 967 2051 exemplis
978 1981 1093 2050 protecta.
1106 1980 1193 2052 quibus
1204 1983 1308 2036 minores

319 2079 393 2134 «mum
409 2064 440 2119 ad
458 2065 504 2119 aba
520 2066 577 2119 titia
594 2066 631 2132 (t.
643 2073 658 2124 1
672 2093 705 2104 -
717 2070 783 2135 106)
803 2072 856 2121 tum
872 2066 902 2121 ad
917 2067 1039 2121 avant-iam
1051 2065 1218 2131 instituantur,
1237 2065 1308 2120 huius

321 2150 395 2217 ipsius
406 2148 431 2203 id
442 2149 597 2220 praecipuum
608 2164 662 2205 esse
672 2151 795 2222 queritur,
806 2151 872 2223 quod
883 2167 958 2222 quum
969 2159 1106 2204 ceteromm
1117 2149 1219 2204 imitatio
1231 2151 1254 2203 in
1264 2166 1305 2204 vo·

321 2235 411 2287 luntatc
428 2232 532 2289 hominis
544 2233 621 2304 posita
630 2235 675 2298 sit.
692 2234 753 2290 haec
764 2234 850 2291 blanda
863 2234 959 2291 ulrtrrtis
970 2235 1051 2306 specie
1061 2234 1099 2290 vel
1110 2235 1197 2290 invitos
1208 2235 1307 2306 abripiat

321 2320 356 2383 (v.
369 2322 418 2376 107
431 2324 556 2388 -111),
574 2320 680 2392 dmnqne
694 2321 853 2391 parsimoniae
870 2336 898 2375 ac
910 2320 1055 2393 frugalitatis
1073 2320 1170 2374 nomine
1186 2320 1303 2374 atrocissi·

322 2417 372 2457 mas
388 2402 488 2457 iniurias
506 2404 660 2459 commendet
677 2405 714 2469 (u.
731 2410 779 2461 110
789 2433 824 2442 -—
834 2409 914 2472 109),
933 2405 1030 2459 adultos
1040 2410 1167 2474 praecepta
1178 2418 1191 2457 a
1202 2404 1306 2473 parenti·

322 2488 365 2542 bus
374 2494 474 2558 accepta
486 2496 570 2543 contra
579 2487 625 2543 bos
634 2488 701 2559 ipsos
711 2499 805 2543 uertere
817 2490 902 2544 doceat
915 2492 951 2554 (v.
966 2490 1143 2556 110-156);
1155 2487 1239 2543 eadem
1249 2504 1307 2543 vero

322 2579 394 2643 negat
403 2572 534 2643 quidquam
545 2573 649 2643 ineptius
664 2574 765 2627 inueniri
775 2588 862 2642 posse,
880 2589 942 2645 quae
953 2573 1075 2627 hominem
1087 2572 1225 2643 acquirendi
1235 2587 1306 2628 causa

322 2671 414 2711 summa
426 2655 561 2711 discrimina
578 2657 643 2712 adire
660 2659 696 2723 (v.
709 2661 762 2715 156
770 2661 886 2725 -301)
897 2658 995 2729 ipsaque
1005 2657 1120 2727 acquisita
1131 2664 1204 2711 ettam
1217 2671 1305 2712 mamre

323 2755 376 2794 arm
386 2739 549 2796 sollicitudine
559 2742 681 2796 custodire
691 2748 767 2813 cogat
779 2742 814 2808 (r.
827 2745 1006 2809 303—314);
1024 2756 1101 2813 eoque
1112 2749 1183 2812 pacto
1194 2740 1224 2796 ad
1236 2756 1307 2797 verae

323 2824 467 2896 frugalitatis
479 2824 562 2880 laudes
573 2826 714 2892 revertitur,
733 2841 795 2897 quae
808 2832 835 2879 ut
848 2826 873 2880 in
883 2826 997 2896 sapientia
1010 2841 1104 2880 summa
1115 2827 1159 2888 sit.
1172 2825 1204 2879 ita
1215 2840 1246 2879 ne
1257 2826 1305 2880 lor·

317 729 389 784 psius
400 722 484 768 tamen
495 713 665 784 philosophiae
674 719 802 784 praecepta
812 715 913 784 propius
931 714 984 769 libri
1001 715 1080 788 ponti
1096 716 1167 769 satira
1186 717 1257 770 tertio
1268 717 1309 770 de·
1413 755 1417 763 -

323 2918 392 2964 tmme
403 2908 501 2980 quidem
511 2910 587 2973 donis
600 2911 658 2965 dum
670 2910 758 2965 modus
767 2920 885 2976 seruetur,
898 2910 987 2981 perimi
997 2917 1063 2963 vetet
1074 2911 1109 2975 (n.
1121 2914 1172 2968 ³15
1186 2938 1218 2949 -
1229 2913 1304 2977 331).
1397 2973 1400 2978 ,

324 2992 371 3047 lieo
379 2994 489 3066 11611111
504 2995 619 3049 malerten
630 2996 741 3059 satiram,
760 2996 869 3065 quamvis
886 3012 900 3049 a
916 2994 1001 3050 latiore
1016 2994 1129 3049 vitiomm
1146 2993 1305 3048 humanomm

323 3092 406 3148 campo
423 3078 453 3133 ad
475 3079 621 3149 peculiarem
640 3069 756 3134 barbarae
774 3079 931 3134 immanitatis
951 3079 1134 3134 insectationem
1159 3078 1305 3142 tmnslatam,

323 3159 437 3218 luvenalis
450 3170 492 3217 aut
502 3164 601 3235 ingenio
612 3171 655 3219 ant
670 3171 722 3217 arte
732 3163 856 3235 indignam
867 3179 921 3219 esse
932 3173 956 3217 et
971 3163 1057 3234 ipsein
1068 3161 1185 3218 Zeinschr.
1198 3162 1216 3217 l.
1230 3161 1253 3217 d.
1266 3161 1307 3216 lll-

324 3247 390 3303 reith
404 3251 486 3311 1843,
500 3252 571 3318 1179
591 3264 645 3321 sqq.
657 3247 765 3319 plausibus
782 3248 878 3303 delendi
895 3258 920 3303 et
936 3251 963 3303 h.
975 3249 1001 3304 L.
1021 3246 1145 3303 [ldllenius
1161 3246 1184 3300 iu
1197 3245 1272 3300 Beitr.
1284 3262 1305 3301 a.

323 3329 396 3387 Kritik
413 3347 437 3386 n.
453 3330 521 3387 Eril.
532 3332 558 3387 d
569 3332 677 3396 Juvenal,
697 3332 766 3387 lliew
778 3337 854 3390 1846.
867 3337 899 3395 8,
912 3349 935 3403 p.
947 3337 997 3391 117
1010 3348 1062 3403 sqq.
1080 3337 1190 3385 accurata
1201 3330 1307 3400 disputa·

325 3416 386 3470 done
395 3415 562 3479 confirmauim
572 3432 645 3489 quam
655 3417 696 3489 qui
707 3418 731 3471 in
742 3416 917 3471 dubitationem
928 3414 1015 3472 uocare
1026 3424 1127 3471 conatus
1138 3421 1175 3468 cst
1189 3414 1219 3469 C.
1233 3414 1306 3470 liem-

325 3500 383 3568 pllru
398 3499 493 3555 observ.
509 3501 534 3556 in
547 3500 629 3558 lunen.
640 3501 730 3572 aliquot
742 3502 822 3567 locos,
834 3501 913 3558 Berol.
929 3505 1006 3561 1843.
1017 3506 1042 3564 8,
1052 3516 1076 3570 p.
1083 3504 1118 3557 60
1128 3514 1190 3570 sqq,
1202 3498 1250 3554 hoc
1261 3499 1307 3553 im-

326 3583 403 3653 primis
413 3585 602 3640 animadvertere
612 3585 735 3657 neglexit,
748 3586 860 3640 Hadriani
871 3594 963 3651 aetate,
980 3599 1041 3656 quae
1052 3582 1167 3637 ascititias
1177 3583 1307 3655 religiones

326 3669 397 3725 multo
408 3669 484 3739 pluria
493 3671 664 3742 qmmpatrias
675 3669 791 3736 iaciebat,
808 3672 881 3724 etiam
894 3671 1035 3740 peregrinae
1045 3667 1222 3737 superstitionis
1231 3667 1307 3723 foedi-

327 3759 403 3817 tatem.
414 3754 492 3824 qualis
501 3753 543 3809 laic
552 3756 645 3809 recenti
653 3754 758 3808 duorum
763 3754 868 3826 Aegypti
880 3754 1024 3823 oppidorum
1032 3750 1143 3820 exemplo
1154 3752 1305 3814 describitur.

274 3876 279 3892 .
328 3834 445 3895 Romanae
455 3839 544 3895 1111111
554 3841 633 3896 lacem
643 3838 880 3915 admemoriam
903 3836 982 3893 Unum
992 3844 1018 3890 at
1033 3834 1206 3899 inallollenlier
1219 3837 1243 3897 in
1254 3850 1306 3897 mea

365 3938 418 3982 mv.
436 3938 500 3982 ur.
1084 3918 1100 3980 h
