3434 4575
527 486 867 551 uriuRAMMATON
879 486 953 549 L'lB.
968 485 1046 552 vm

722 687 860 752 XXXIX.
955 746 966 758 ,

352 804 411 879 Qui
425 801 582 863 Palatinae
601 811 728 884 caperet
746 803 883 863 convivia
895 819 1020 863 mensae

395 888 636 966 Ambrosiasque
650 887 761 966 dapes,
783 905 845 946 uon
861 892 929 946 erat
943 892 1015 946 ante
1030 884 1127 947 locus.

352 972 413 1032 Hic
427 972 553 1031 haurire
569 970 662 1031 decet
678 990 816 1049 sacrum,
840 971 1042 1049 Germanice,
1064 975 1172 1032 nectar

393 1055 436 1115 Et
454 1054 653 1134 Ganymedeo
665 1053 776 1135 pocula
789 1055 883 1115 mixta
897 1074 996 1114 mauu.

328 1140 430 1202 5Esse
446 1138 539 1217 velis,
562 1159 634 1218 oro,
657 1158 744 1199 serus
762 1139 887 1199 conviva
903 1138 1069 1199 Tonantis:

352 1234 355 1239 “
392 1223 435 1283 At
450 1229 483 1282 tu
497 1225 523 1282 si
537 1241 703 1304 properas,
724 1223 879 1303 luppiter,
898 1221 1062 1302 ipsereul.

759 1356 822 1417 XL.

351 1454 420 1514 Non
437 1455 537 1532 horti,
558 1473 661 1532 neque
675 1454 810 1536 palmitis
826 1457 926 1535 beati,

341 1530 416 1598 ted
429 1537 493 1597 rari
507 1539 661 1618 nemoris,
683 1539 812 1620 Priape,
835 1545 955 1620 custos,

351 1622 398 1682 Ex
414 1641 474 1701 quo
489 1628 578 1682 natus
594 1641 628 1682 es
644 1628 676 1682 et
689 1631 781 1703 potes
797 1625 936 1701 renasci,

347 1705 501 1782 Furaces,
524 1724 653 1784 moneo,
674 1726 779 1766 manus
794 1704 933 1786 repellas
978 1727 981 1733 ’

326 1791 393 1852 ant
407 1789 513 1849 silvam
529 1788 645 1848 domini
659 1791 737 1849 focis
754 1808 908 1850 reserves.

349 1875 383 1933 Si
399 1873 553 1933 defecerit
567 1873 661 1950 haec,
681 1880 714 1932 et
728 1875 796 1954 ipse
809 1873 926 1952 lignum
942 1892 985 1934 er.

749 2001 826 2061 XLl.

351 2098 466 2159 Tristis
481 2100 695 2179 Athenagoras
712 2119 774 2160 non
788 2102 872 2160 misit
886 2119 1013 2161 munera
1027 2101 1133 2179 nobis,

393 2185 479 2259 Quae
496 2183 598 2245 medio
614 2186 740 2244 brumae
755 2187 881 2245 mittere
899 2203 1005 2246 mense
1021 2183 1110 2245 solet

349 2269 398 2329 Au
413 2269 454 2328 sit
468 2268 682 2348 Athenagoras
696 2270 812 2348 tristis,
834 2268 998 2349 Faustine,
1017 2269 1158 2331 videbor·

391 2353 445 2413 Me
461 2360 547 2413 certe
562 2355 684 2414 tristem
698 2354 775 2415 fecit
789 2355 1010 2435 Athenagoras.

742 2496 833 2558 XLll.

335 2663 337 2665 Ι
351 2590 384 2651 Si
403 2598 435 2651 te
450 2592 592 2672 sportula
609 2595 706 2654 maior
724 2593 763 2653 ad
777 2596 885 2654 beatos

351 2672 420 2735 Non
436 2678 628 2756 corruperit,
650 2683 684 2738 ut
698 2678 795 2755 solet,
816 2678 926 2740 licebit

350 2759 397 2818 De
414 2768 538 2840 nostro,
561 2761 686 2840 Matho,
709 2763 849 2821 centiens
863 2760 987 2823 laveris.
1073 2769 1081 2780 ⁰

734 2890 838 2952 XLllI.

350 2986 454 3048 Effert
466 3006 577 3049 uxores
591 2988 722 3067 Fabius,
744 2988 914 3050 Chrestilla
928 2988 1071 3065 maritos,

393 3070 631 3151 Funereamque
649 3073 727 3134 toris
742 3081 865 3152 quassat
879 3080 1012 3152 uterque
1026 3071 1135 3131 facem.

351 3155 497 3217 Victores
512 3158 688 3236 committe,
709 3157 832 3219 Venus:
855 3178 932 3238 quos
946 3159 1007 3217 iste
1021 3154 1158 3215 manebit

392 3240 518 3319 Exitus,
540 3260 600 3300 una
616 3241 693 3301 duos
708 3248 744 3301 ut
757 3242 893 3302 Libitina
906 3242 997 3301 ferat.

735 3368 842 3429 XLIV.

351 3463 490 3542 Titulle,
509 3482 636 3542 moneo,
656 3465 740 3523 vire:
763 3481 887 3542 semper
900 3462 960 3521 hoc
978 3480 1080 3521 serum
1097 3466 1158 3523 est.
1225 3474 1227 3479 ’

266 3611 269 3616 ,
353 3547 416 3607 Sub
432 3546 610 3628 paedagogo
627 3547 769 3627 coeperis
782 3545 876 3624 licet,
898 3563 1000 3605 serum
1016 3550 1074 3607 est.

352 3632 395 3691 At
407 3637 458 3710 tu,
479 3632 574 3691 miser
592 3629 729 3709 Titulle,
750 3649 809 3692 uec
825 3647 921 3691 senex
935 3630 1027 3710 vivis,

351 3714 416 3777 Sed
432 3735 523 3779 omne
536 3714 633 3779 limen
648 3717 784 3779 conteris
799 3712 950 3777 salutator

1251 485 1317 554 nb
