3434 4575
588 465 929 529 EPIGRAMMATON
943 467 1017 529 LlB.
1032 467 1096 529 Xll.

403 624 447 684 nt
461 640 529 681 cum
545 618 673 679 lucerna
686 637 864 699 corneoque
880 624 1001 679 cratere

404 703 537 767 Matella
551 710 639 763 curto
654 709 745 783 rupta
758 701 859 762 latere
875 705 1018 763 meiebat.

405 790 491 850 Foco
504 789 618 847 virenti
633 789 759 847 suberat
773 788 939 866 amphorae
954 786 1073 847 cervix:

362 874 512 937 leuisse
527 889 635 950 gerres
650 876 702 930 aut
716 869 844 931 inutiles
859 890 981 930 maenas

406 956 492 1017 Odor
506 953 678 1034 impudicus
692 957 780 1014 urcei
794 955 967 1026 fatebatur,

406 1039 533 1118 Qualem
549 1040 685 1098 marinae
700 1039 784 1099 misit
799 1059 872 1098 aura
887 1041 1032 1117 piscinae.

404 1126 469 1184 Nec
486 1122 601 1202 quadra
616 1120 726 1182 deerat
739 1123 821 1183 casei
836 1122 1010 1200 Tolosatis,

406 1207 572 1285 Quadrima
586 1207 668 1284 nigri
682 1224 741 1265 nec
757 1226 870 1266 corona
883 1205 969 1287 pulei

361 1291 578 1369 200alraeque
592 1295 694 1349 restes
708 1287 846 1368 allioqne
861 1291 1028 1370 cepisque,

405 1376 470 1436 Nec
486 1373 577 1453 plena
591 1374 676 1452 turpi
690 1376 798 1434 matris
813 1373 875 1434 olla
889 1375 1010 1452 resina,

406 1459 660 1519 Summoenianae
676 1476 735 1536 qua
748 1457 886 1537 pilantur
902 1475 1023 1518 uxores.

405 1542 489 1619 Quid
500 1542 624 1620 quaeris
639 1539 732 1600 aedes
746 1541 916 1620 vilicosqne
932 1540 1075 1620 doridos,

404 1628 554 1686 Habitare
569 1625 681 1703 gratis,
704 1644 722 1682 o
737 1625 890 1702 Vacerra,
913 1644 980 1684 curn
995 1625 1118 1705 possis?

363 1712 489 1774 25Haec
503 1710 691 1768 sarcinarum
704 1726 816 1788 pompa
831 1710 977 1768 convenit
989 1709 1086 1788 ponti.
1202 1774 1204 1782 χ

775 1867 910 1928 ΧΧΧΙΠ.

407 1985 450 2045 Ut
463 2001 577 2062 pueros
593 1987 713 2042 emeret
726 1980 898 2058 Labienus,
919 1980 1060 2041 vendidit
1072 1981 1191 2043 hortos.

447 2067 499 2128 Nil
514 2067 574 2126 nisi
588 2067 714 2126 ficetum
728 2083 810 2123 nuno
824 2062 978 2125 Labienus
992 2067 1096 2130 babet.

772 2227 911 2291 XXXIV.

406 2342 549 2417 Triginta
563 2343 637 2401 mihi
656 2348 862 2422 quattuorque
877 2362 993 2404 messes

407 2424 541 2499 Tecum,
564 2425 591 2482 si
605 2426 743 2502 memini,
764 2426 871 2505 suere,
894 2426 960 2491 luli.

408 2507 542 2582 Quarum
557 2503 659 2565 dulcia
672 2508 763 2568 mixta
778 2517 849 2570 suut
863 2514 990 2589 amaris,

408 2588 616 2649 Sediuounda
630 2595 732 2651 tamen
745 2594 835 2654 fuere
849 2595 947 2673 plura.

382 2674 449 2736 ont
463 2675 489 2732 si
505 2672 638 2734 calculus
653 2678 751 2737 omnis
767 2678 828 2738 huc
842 2685 875 2737 et
888 2675 965 2737 illuc

405 2757 551 2817 Diversus
566 2757 748 2839 bicolorque
763 2760 939 2839 digeratur,

406 2836 519 2904 Vinc'ct
534 2840 663 2902 candida
677 2846 767 2904 turba
782 2846 960 2923 nigriorem.

405 2925 437 2985 Si
453 2928 552 2986 vitare
567 2926 652 2987 voles
668 2928 779 2988 acerba
797 2927 945 3007 quaedam

403 3010 443 3068 nt
456 3012 563 3070 tristes
579 3011 672 3069 animi
688 3030 797 3071 carere
811 3031 948 3092 morsus,

361 3091 487 3156 loNulli
497 3100 535 3172 te
550 3094 644 3153 facias
658 3095 748 3153 nimis
763 3093 909 3159 sodalem.

404 3177 561 3237 Gaudebis
576 3178 691 3255 minus,
713 3186 746 3237 et
765 3181 864 3240 minus
880 3178 1008 3241 dolebis.

778 3328 903 3392 XXXV.

404 3435 563 3512 Tanquam
577 3432 761 3512 simpliciter
774 3454 911 3515 mecum,
934 3434 1129 3516 Callistrato,
1149 3438 1247 3520 vivas,

444 3518 558 3576 Dicere
572 3519 727 3596 percisum
740 3525 773 3579 te
786 3520 862 3579 mibi
878 3539 970 3600 saepe
985 3518 1077 3584 soles.

401 3600 471 3663 Non
488 3619 522 3659 ea
537 3607 597 3660 tam
611 3599 758 3680 simplex,
780 3622 870 3681 quam
884 3606 947 3682 vis,
969 3603 1165 3686 Callistrato,
1188 3604 1284 3671 credi.

444 3684 521 3744 Nam
536 3686 674 3767 quisquis
690 3692 796 3747 narrat
811 3685 902 3770 talia,
923 3687 1013 3770 plura
1026 3694 1118 3751 tacet.
1207 3728 1209 3732 ,

1092 3772 1153 3836 19*

1302 464 1363 530 291
