3434 4575
396 460 417 522 8
825 469 938 516 consu

397 605 557 670 Venimus?
577 620 607 670 at
629 628 680 669 our
701 626 759 669 non
786 610 882 688 potius
906 619 1066 688 teneroque
1093 606 1226 667 columbo

397 693 435 755 Et
458 693 557 753 similis
578 712 679 772 regum
700 694 798 771 pueris
825 711 955 772 pappare
977 696 1112 752 minutum

397 779 498 839 Poscis
521 787 550 836 et
571 779 659 838 iratus
681 795 819 837 mammae
841 776 943 836 lallare
966 774 1106 838 recusas?
1120 811 1161 820 —

398 862 444 921 An
465 860 516 920 tali
538 862 669 922 studeam
692 862 802 921 calamo
810 858 825 919 ‘l
840 893 882 906 -
904 859 956 920 Cui
979 857 1092 920 verba?
1117 860 1185 938 quid
1208 861 1278 919 istas

398 947 530 1006 Succiuis
553 942 713 1024 ambages?
735 945 786 1004 tibi
809 945 928 1011 luditur;
956 944 1049 1004 ellluis
1072 962 1185 1010 ameus;
1346 953 1381 1005 2⁰

400 1029 605 1090 Contemnere!
637 1031 727 1089 Sonat
748 1030 847 1088 vitium
869 1047 1025 1106 percussa,
1049 1028 1174 1104 maligne

399 1113 569 1192 Respondet
588 1114 671 1173 viridi
691 1130 749 1172 non
771 1120 854 1172 cocta
877 1112 973 1172 fidelia
996 1112 1073 1172 limo.

398 1197 490 1259 Udum
513 1207 542 1256 et
564 1195 652 1256 molle
679 1197 766 1256 lutum
788 1216 838 1272 es,
865 1215 939 1256 nunc
958 1216 1032 1256 nunc
1051 1195 1251 1275 properandus
1273 1205 1302 1254 et
1321 1198 1381 1256 acri

398 1281 563 1359 Fingendus
585 1281 648 1340 sine
671 1281 727 1339 fine
751 1289 825 1340 rota.
861 1281 920 1340 Sed
944 1299 1011 1340 rure
1035 1289 1156 1359 paterno

398 1364 452 1426 Est
473 1365 523 1424 tibi
545 1366 589 1425 iar
614 1364 774 1440 modicum,
802 1382 903 1442 purum
924 1374 953 1424 et
975 1367 1037 1424 siue
1059 1365 1125 1425 labe
1148 1364 1321 1424 salinum—
1348 1374 1382 1425 25

399 1448 474 1522 Quid
495 1445 682 1508 metuasl-
703 1449 867 1527 cultrixque
888 1448 948 1508 loci
970 1467 1072 1509 secura
1098 1448 1214 1528 patella.

398 1532 461 1592 lloc
483 1529 572 1591 satis?
596 1550 632 1591 an
654 1533 759 1592 deceat
780 1533 946 1611 pulmonem
967 1552 1100 1612 rumpere
1122 1534 1226 1608 ventis,

399 1618 556 1677 Stemmata
578 1616 655 1695 quod
677 1615 773 1676 Tusco
796 1635 904 1676 ramum
926 1618 1078 1677 millesime
1102 1618 1194 1693 ducis,

400 1697 597 1760 censoremve
620 1710 697 1760 tuum
720 1701 769 1760 vel
793 1701 871 1779 quod
894 1701 1024 1761 trabeate
1047 1698 1177 1761 salutas?

399 1784 445 1844 Ad
467 1785 605 1863 populum
628 1785 778 1863 phaleras!
802 1803 858 1863 ego
884 1795 913 1845 te
936 1787 1012 1845 intus
1034 1795 1063 1845 et
1086 1787 1113 1843 in
1136 1794 1202 1845 cute
1224 1783 1301 1842 novi.
1346 1791 1382 1844 30

399 1867 464 1928 Non
486 1870 575 1946 pudet
595 1869 632 1928 ad
653 1887 762 1930 moreni
785 1870 918 1930 discincti
940 1872 1041 1930 vivere
1063 1865 1191 1929 Nattae?

399 1953 459 2014 Sed
485 1963 581 2031 stupet
603 1953 650 2013 hic
673 1956 761 2031 vitio,
784 1954 865 2013 libris
886 1956 1009 2015 increuit
1031 1955 1155 2032 opimum

399 2037 524 2114 Pingue,
547 2047 627 2097 caret
649 2037 748 2117 culpa,
772 2040 867 2097 nescit
886 2039 953 2117 quid
977 2039 1094 2117 perdat,
1119 2046 1147 2096 et
1170 2036 1228 2095 alto

399 2121 557 2181 Demersus
579 2139 687 2181 summa
707 2139 819 2181 rursum
840 2138 897 2181 non
919 2122 1001 2180 bullit
1021 2125 1049 2180 in
1070 2122 1154 2181 unda.

399 2204 504 2282 llagne
530 2213 613 2282 pater
635 2205 746 2281 divum,
773 2223 879 2264 saevos
902 2207 1003 2283 punire
1025 2214 1162 2280 tyrannos
1347 2215 1382 2266 35

399 2287 480 2349 Haud
503 2289 559 2349 alia
581 2291 691 2349 ratione
715 2289 806 2366 velis,
831 2308 918 2370 quum
940 2291 1001 2350 dira
1025 2290 1112 2349 libido

399 2371 523 2431 bloverit
547 2374 691 2451 ingenium
716 2374 841 2433 ferventi
862 2376 950 2434 tincta
972 2391 1101 2434 veneno:

399 2456 539 2515 Virtutem
562 2457 678 2516 videant
699 2457 939 2536 intabescantque
963 2459 1076 2518 relicta.

399 2539 482 2600 Anne
505 2542 595 2617 magis
618 2541 708 2601 Siculi
731 2553 902 2619 gemuerunt
924 2560 992 2602 aera
1015 2544 1140 2617 iuvenci,

399 2620 549 2701 armagis
571 2628 676 2685 auratis
702 2627 832 2706 pendens
855 2627 1039 2706 laquearibus
1066 2627 1144 2685 ensis
1348 2638 1383 2687 40

399 2705 562 2786 Purpureas
586 2710 686 2769 subter
709 2713 841 2770 cervices
864 2713 981 2786 terruit,
1003 2714 1092 2786 imae,

399 2790 484 2851 lmus
496 2796 699 2872 praecipites,
724 2813 807 2874 quarn
830 2797 853 2854 si
876 2796 932 2855 sibi
955 2796 1031 2855 dicat
1056 2804 1085 2853 et
1106 2794 1181 2854 intus

399 2873 510 2934 Palleat
531 2877 648 2953 infelix,
676 2879 754 2958 quod
775 2881 905 2958 proxima
928 2881 1039 2939 neseiat
1060 2875 1154 2937 uxori

442 2960 539 3038 Saepe
564 2961 683 3038 oculos,
711 2966 840 3038 memini,
866 2964 1020 3041 tangebam
1046 2981 1151 3041 parvus
1175 2962 1264 3037 olivo,

401 3043 524 3105 Grandia
546 3046 571 3103 si
594 3045 701 3105 nollem
724 3049 852 3106 morituri
875 3048 965 3108 verba
988 3047 1106 3108 Catonis
1349 3053 1382 3106 45

400 3127 508 3188 Dicere
531 3138 561 3187 et
580 3130 680 3190 insano
702 3130 820 3189 multum
843 3130 984 3192 laudanda
1005 3133 1154 3209 magistro,

401 3211 483 3285 Quae
505 3222 587 3290 pater
611 3213 742 3274 adductis
762 3215 868 3274 sudans
892 3216 1004 3275 audiret
1026 3216 1134 3274 amicis.

401 3296 483 3365 lure;
507 3299 612 3356 etenim
634 3298 663 3358 id
685 3317 841 3375 summum,
865 3300 932 3378 quid
955 3299 1059 3359 dexter
1082 3300 1164 3356 senio
1188 3297 1289 3370 ferret,

401 3381 485 3440 Scire
508 3392 571 3442 crat
593 3384 621 3441 in
643 3392 727 3452 voto;
750 3383 887 3444 damnosa
911 3384 1041 3443 canicula
1067 3392 1201 3460 quantum

401 3463 543 3535 Raderet;
567 3462 706 3544 augustae
731 3468 809 3527 collo
832 3485 890 3526 non
912 3467 1009 3528 lallier
1031 3484 1134 3531 orcae;
1348 3474 1383 3527 50

400 3546 464 3605 Neu
488 3552 551 3627 quis
575 3551 708 3611 callidior
730 3551 835 3611 burrum
858 3561 996 3629 torquere
1018 3549 1147 3628 llagello.

400 3629 481 3690 Haud
502 3634 552 3693 tibi
576 3636 756 3714 inexpertum
779 3653 885 3695 curvos
907 3636 1090 3713 deprendere
1114 3650 1223 3710 mores,

401 3713 540 3797 Quaeque
564 3719 650 3779 docet
673 3721 790 3799 sapiens
812 3719 956 3779 braccatis
981 3719 1052 3778 illita
1073 3717 1164 3778 Medis
