3434 4575
548 371 891 436 EPIGRAMMATON
903 373 978 436 LlB.
993 374 1074 437 XIV.
1272 373 1335 442 ³37

566 574 670 637 cclv.
693 575 803 636 Lanae
819 577 1056 658 umtlostinae.

375 674 473 736 Ebria
488 671 636 734 Sidoniae
653 693 722 734 cum
736 676 792 735 sim
808 674 847 735 de
863 677 1012 754 sanguine
1028 678 1181 757 conchae,

416 756 486 818 Non
500 755 610 835 video,
631 776 727 837 quare
741 760 844 818 sobria
857 757 927 819 lana
941 778 1043 822 vocer.

643 892 734 956 oLv.
758 892 870 955 Lunae
884 894 984 955 oldae.

372 988 552 1054 Velleribus
566 991 674 1071 primis
689 991 840 1071 Appulia,
862 993 972 1054 Parma
986 991 1129 1055 secundis

413 1072 550 1136 Nobilis:
571 1073 711 1135 Altinum
727 1077 822 1135 tertia
835 1074 942 1137 laudat
956 1079 1029 1137 ovis.

619 1208 732 1271 otti·
747 1209 856 1270 Lunae
876 1211 998 1290 lysiae

369 1307 435 1368 Nos
448 1307 713 1368 Lacedaemoniae
727 1317 835 1389 pastor
851 1309 975 1369 donavit
989 1311 1113 1373 amicae.

413 1392 560 1453 Deterior
574 1390 678 1451 Ledae
692 1411 829 1472 purpura
843 1395 950 1455 matris
965 1400 1041 1455 eret.

572 1525 689 1588 GLVll.
712 1521 822 1588 Lance
835 1527 1041 1588 Pollentinae.

370 1623 440 1686 Non
453 1629 572 1684 tontum
585 1621 669 1702 pullo
684 1621 827 1701 lugentes
841 1623 960 1684 vellere
975 1622 1077 1702 lanas,

412 1706 476 1768 Sed
490 1705 571 1768 solet
586 1711 619 1766 et
635 1702 748 1766 calices
761 1708 839 1766 haec
855 1706 929 1767 dare
945 1714 1030 1768 terra
1051 1726 1134 1768 suos.

690 1839 820 1902 CLVIII.
841 1841 937 1901 Idem.

368 1939 452 2000 Lana
467 1937 593 2017 quidem
607 1936 724 2015 tristis,
746 1936 802 1997 sed
815 1939 914 1998 tonsis
928 1944 1001 1997 neta
1019 1939 1187 2017 ministris,

411 2019 527 2100 Quales
542 2039 604 2080 non
618 2021 719 2100 primo
739 2020 778 2081 de
794 2039 891 2101 grege
906 2039 1012 2082 mensa
1030 2021 1114 2084 citat.
1216 2095 1220 2106 Ι

529 2154 632 2216 CLIX.
658 2154 844 2217 Tomentum
861 2155 1083 2221 Leuconicum.

370 2246 545 2332 Oppressae
560 2254 687 2314 nimium
701 2253 801 2313 vicina
817 2259 866 2314 est
880 2254 975 2314 fascia
988 2252 1133 2336 plumae?

411 2333 539 2398 Vellera
552 2337 737 2397 Leuconicis
753 2338 859 2415 accipe
877 2358 946 2398 rusa
960 2341 1049 2417 sagis.

569 2469 660 2532 ch.
684 2468 869 2530 Tomentum
886 2470 1041 2532 Circense.
1139 2532 1146 2546 ,

373 2567 559 2629 Tomentum
575 2569 697 2629 concisa
711 2566 800 2647 palus
816 2567 967 2626 Circense
980 2574 1117 2631 vocatur.
1199 2570 1204 2581 ‘

410 2652 496 2712 llaec
510 2671 568 2734 pro
583 2650 759 2711 Leuconico
773 2651 920 2711 stramine
934 2670 1052 2731 pauper
1069 2655 1152 2715 emit.

679 2784 783 2848 chl.
806 2782 928 2845 Pluma.

364 2886 477 2947 Lassus
492 2883 660 2964 Amyclaea
676 2884 796 2963 poteria
811 2885 1012 2963 requiescere
1030 2886 1148 2968 pluma,

406 2970 541 3030 luterior
556 2969 647 3047 cygni
662 2987 751 3046 quam
767 2968 825 3028 tibi
838 2966 908 3028 lanc
925 2967 1021 3032 dedit.

658 3101 773 3162 chfl.
797 3103 945 3164 Foenum.

364 3199 521 3260 Fraudata
536 3207 652 3262 tumeat
666 3201 785 3281 fragilis
802 3203 861 3262 tibi
876 3198 989 3260 culcita
1001 3199 1090 3261 mula.

407 3284 477 3344 Non
491 3285 577 3343 venit
594 3283 633 3343 ad
648 3284 742 3345 duros
756 3283 871 3364 pallido
886 3290 1067 3345 curatores.

591 3415 720 3477 GLXlll.
747 3414 1013 3479 lintinnubulum.

364 3513 473 3575 Redde
488 3512 597 3594 pilam:
616 3523 706 3577 sonat
720 3535 772 3577 aes
788 3518 986 3578 thermarum.
1015 3519 1140 3581 Ludere
1154 3516 1282 3600 pergis‘i

361 3598 534 3746 MAVRlfflne
548 3600 593 3661 uls
609 3599 676 3662 sola
690 3599 774 3664 lotus
792 3603 878 3662 obire
894 3601 1024 3673 domum.
1076 3686 1118 3747 22
