3434 4575
432 514 473 584 tt
779 529 814 582 o.
838 529 910 584 run.
933 529 1120 583 susannam

432 673 524 754 Finge
547 683 643 736 tamen
666 674 781 754 gladios
803 675 870 736 inde
892 683 979 755 atque
1003 675 1069 736 binc
1095 675 1205 755 pulpita
1229 677 1315 755 poni:
1378 677 1425 741 '195

433 758 509 833 Quid
530 757 642 820 satius?
665 768 787 820 mortem
808 762 852 822 sic
875 761 1025 840 quisquam
1049 758 1216 834 exhorruit,
1233 769 1270 831 ,ut
1293 763 1330 820 sit

401 865 403 869 ·
433 843 595 924 Zelotypus
619 843 794 920 Thymeles,
816 844 924 923 stupidi
946 845 1065 922 collega
1086 840 1237 905 Corinthi?

432 927 493 988 Res
515 928 590 990 baud
610 930 681 989 mira
702 937 813 1004 tamen,
836 927 1006 988 citharoedo
1031 929 1179 1008 principe,
1203 930 1304 988 mimus

433 1011 556 1073 Nobilis.
587 1011 669 1074 llaec
691 1013 766 1073 ultra
789 1013 857 1092 quid
885 1013 939 1072 erit
963 1014 1016 1071 nisi
1043 1009 1149 1072 ludus?
1173 1021 1201 1072 et
1224 1013 1284 1073 illic

432 1095 570 1158 Dedecus
592 1096 671 1157 urbis
693 1095 803 1173 babes,
824 1115 880 1157 nec
903 1096 1083 1157 mirmillonis
1104 1098 1132 1156 in
1155 1098 1252 1174 armis,
1375 1111 1426 1160 iot

432 1180 495 1242 Nec
518 1180 617 1260 clipeo
640 1179 801 1242 Gracchum
824 1189 1000 1260 pugnantem
1022 1191 1071 1241 aut
1092 1181 1169 1242 ialce
1193 1183 1311 1262 supina3

432 1265 555 1326 Damnat
580 1266 655 1326 enim
677 1265 752 1326 tales
773 1264 898 1339 babitus,
917 1265 959 1343 [et
983 1265 1097 1326 damnat
1119 1273 1148 1326 et
1169 1267 1241 1342 odit,

433 1348 496 1410 Nec
517 1349 604 1428 galea
627 1350 733 1410 iaciem
754 1347 942 1428 abscondit:]
965 1357 1064 1407 movet
1087 1366 1160 1407 ecce
1181 1350 1334 1410 tridentem
1358 1362 1397 1425 et,

432 1433 588 1514 Postquam
610 1433 722 1494 vibrata
744 1434 900 1513 pendentia
919 1433 992 1494 retia
1017 1433 1119 1494 dextra

432 1516 614 1597 Nequiquam
638 1518 755 1593 ell'udit,
785 1518 890 1579 nudum
912 1518 947 1577 ad
972 1517 1142 1597 spectacula
1165 1518 1273 1579 vultum
1373 1533 1425 1585 ποι)

433 1601 527 1679 Erigit
549 1611 578 1662 et
599 1610 659 1662 tota
684 1601 758 1680 iugit
780 1600 984 1681 agnoscendus
1008 1620 1105 1662 arena.

434 1682 593 1746 Credamus
615 1686 747 1763 tunicae,
771 1686 808 1747 de
831 1686 965 1748 faucibus
989 1704 1076 1747 aurea
1102 1704 1187 1765 quum
1209 1705 1242 1747 se

432 1769 567 1848 Porrigat
588 1780 617 1831 et
638 1771 728 1849 longo
751 1773 875 1832 iactetur
896 1772 975 1850 spira
995 1767 1119 1850 galero?

434 1853 514 1934 Ergo
537 1855 721 1934 ignominiam
743 1859 910 1935 graviorem
932 1855 1051 1934 pertulit
1074 1856 1150 1914 omni

433 1939 563 2000 Vulnere
587 1959 651 2001 cum
674 1939 807 2002 Graccho
832 1943 928 2000 iussus
953 1957 1083 2018 pugnare
1107 1948 1233 2000 secutor.
1373 1952 1425 2006 ilo

475 2023 579 2085 libera
599 2026 623 2084 si
648 2024 751 2086 dentur
772 2025 883 2105 populo
908 2024 1062 2102 suffragia,
1089 2025 1153 2103 quis
1176 2033 1232 2084 tam

435 2104 583 2186 Perditus,
608 2118 639 2169 ut
660 2108 772 2170 dubitet
795 2111 940 2169 Senecam
964 2108 1114 2186 praeferre
1138 2106 1258 2186 Neroni,

436 2190 523 2253 Duius
542 2192 689 2272 supplicio
713 2210 771 2253 non
792 2193 891 2254 debuit
918 2209 973 2252 una
999 2193 1094 2270 parari

435 2278 522 2340 Simia
544 2296 600 2338 noc
624 2296 748 2358 serpeus
770 2297 842 2339 uuus
864 2297 920 2339 nec
945 2275 1058 2338 culleus
1081 2271 1175 2337 unus?

435 2358 489 2423 Par
509 2360 776 2440 Agamemnonidae
800 2364 923 2437 crimen,
947 2361 1001 2422 sed
1026 2379 1113 2423 causa
1134 2361 1204 2421 iacit
1226 2379 1288 2421 rem
1348 2369 1425 2426 '215

435 2444 627 2507 Dissimilem:
651 2448 760 2526 quippe
781 2447 833 2508 ille
855 2446 919 2507 deis
939 2445 1107 2507 auctoribus
1130 2445 1207 2506 ultor

434 2530 526 2591 Patris
548 2540 611 2591 erat
635 2533 714 2592 caesi
735 2532 829 2592 media
854 2532 929 2591 inter
950 2530 1071 2610 pocula:
1096 2530 1149 2590 sed
1172 2548 1227 2590 nec

434 2614 572 2676 Electrae
599 2616 699 2693 iugulo
723 2634 757 2677 ss
780 2616 885 2696 polluit
910 2625 959 2678 aut
982 2616 1115 2695 Spartani

434 2700 582 2776 Sanguine
604 2700 746 2780 coniugii,
772 2700 858 2762 nullis
881 2701 996 2762 aconita
1022 2699 1192 2779 propinquis

433 2781 567 2860 Miscuit,
591 2785 620 2844 in
647 2803 737 2846 scena
758 2804 912 2865 numquam
935 2786 1060 2845 cantavit
1085 2782 1217 2857 Orestes,
1372 2794 1425 2845 220

432 2866 539 2927 'lroica
562 2885 619 2928 non
642 2870 769 2948 scripsit.
806 2868 882 2944 Quid
907 2871 981 2931 enim
1001 2868 1157 2946 Verginius
1179 2866 1264 2926 armis
1394 2870 1395 2873 ’

433 2950 540 3012 Debuit
566 2952 669 3014 ulcisci
690 2957 799 3032 magis,
821 2964 871 3015 aut
895 2972 960 3015 cum
981 2952 1103 3013 Vindice
1127 2949 1229 3026 Galba,

434 3034 520 3108 Quod
546 3034 625 3097 Nero
646 3046 703 3097 tam
730 3055 820 3099 saeva
846 3039 995 3118 crudaque
1021 3035 1171 3113 tyrannide
1195 3032 1287 3095 ieciti

434 3119 514 3181 llaec
537 3138 628 3200 opera
651 3131 739 3202 atque
761 3122 817 3183 bae
839 3131 905 3182 sunt
928 3123 1066 3201 generosi
1090 3119 1229 3200 principis
1248 3128 1339 3198 artes,

434 3204 591 3266 Gaudentis
618 3204 708 3276 tuedo
732 3208 889 3286 peregriua
912 3207 947 3266 ad
972 3205 1083 3285 pulpita
1108 3212 1192 3266 cautu
1330 3214 1423 3267 425

433 3289 568 3350 Prostitui
591 3288 754 3370 Graiaeque
776 3293 872 3371 apium
893 3292 1034 3352 meruisse
1060 3306 1197 3350 coronae.
1239 3293 1242 3302 '

433 3370 572 3434 Naiorum
597 3374 713 3453 eibgies
737 3374 863 3435 babeant
887 3376 1009 3452 insignia
1031 3375 1131 3435 vocis:

434 3457 510 3516 Ante
534 3457 627 3537 pedes
655 3459 762 3520 Domiti
789 3460 907 3537 longum
929 3468 958 3519 tu
981 3476 1058 3539 pone
1082 3456 1228 3533 Thyestae

433 3541 535 3616 Syrma
559 3543 608 3604 vel
633 3542 796 3621 Antigones
820 3552 869 3604 aut
891 3560 1046 3623 personam
1070 3541 1264 3620 Menalippes,

303 3690 306 3698 ,
434 3622 471 3684 Et
493 3624 530 3685 de
556 3645 719 3688 marmoreo
747 3628 884 3690 citharam
907 3627 1055 3706 suspende
1078 3626 1209 3687 colosso.
1372 3634 1425 3689 ido

434 3706 527 3785 Quid,
552 3706 693 3790 catilina,
712 3713 769 3773 tuis
793 3711 935 3773 natalibus
958 3721 1045 3790 atque
1067 3708 1191 3788 Cethegi

432 3791 563 3853 Inveniet
585 3796 736 3876 quisquam
758 3793 931 3864 sublimius?
953 3813 1031 3857 arma
1054 3805 1149 3856 umen
1169 3811 1224 3855 vos
