3434 4575
597 437 937 498 EPIGRAMMATON
951 438 1024 500 LlB.
1040 439 1078 502 X.
1298 437 1361 504 241

401 593 443 652 Et
459 612 521 652 non
539 591 629 649 unius
645 596 802 669 spectatur
815 588 948 650 lectulus
960 589 1075 667 undae,

360 687 394 737 10
445 677 504 752 Qui
520 674 606 735 videt
618 675 691 733 hinc
705 691 825 753 puppes
838 674 990 751 fluminis,
1012 673 1086 734 inde
1100 677 1208 737 maris!

401 759 465 819 Sed
480 777 539 820 nee
555 755 701 818 Marcelli
713 757 1013 837 Pompeianumque,
1035 776 1094 818 nec
1108 757 1175 820 illic

444 844 522 903 Sunt
536 839 679 921 triplices
695 842 854 917 thermae,
870 860 928 900 nec
945 843 1013 902 fore
1028 843 1132 902 iuncta
1147 850 1273 921 quater,

400 928 466 987 Nec
481 924 648 1007 Capitulini
664 943 812 984 summum
826 925 989 1004 penetrale
1005 926 1173 1006 Tonantis,

443 1012 590 1091 Quaeque
606 1011 708 1069 nitent
722 1006 809 1067 caelo
825 1011 963 1087 proxima
977 1008 1095 1090 templa
1110 1029 1173 1070 ruo.

380 1094 532 1155 15Dicere
546 1100 579 1154 te
591 1093 705 1153 lassum
721 1093 863 1169 quotiens
879 1111 936 1170 ego
952 1093 1046 1152 crede
1062 1094 1207 1169 Quirino:

442 1180 550 1254 „Quae
565 1184 617 1237 tuu
638 1183 726 1252 sunt,
748 1175 806 1233 tibi
822 1176 916 1234 habe:
940 1196 1018 1255 quae
1033 1196 1116 1255 mea,
1139 1177 1237 1238 redde
1252 1179 1356 1241 milliiv

811 1308 874 1369 Lll.

400 1419 529 1500 Thelyn
546 1419 666 1479 viderat
680 1420 713 1478 in
728 1426 801 1497 toga
815 1420 992 1500 spadonem.

399 1504 576 1563 Damnatam
591 1502 688 1563 Numa
703 1502 780 1563 dixit
794 1521 864 1563 esse
879 1505 1046 1567 moecham.

800 1638 876 1697 Llll.

401 1747 458 1808 llle
475 1768 532 1828 ego
548 1768 614 1809 sum
630 1749 781 1828 Scorpus,
805 1748 932 1809 clamosi
948 1750 1047 1828 gloria
1063 1751 1163 1826 Circi,

440 1830 584 1911 Plausus,
607 1833 717 1909 Roma,
736 1834 782 1891 tui
799 1830 992 1912 deliciaeque
1007 1835 1134 1911 breves,

400 1915 503 1975 lnvida
517 1935 609 1996 quem
623 1915 770 1975 Lachesis
785 1923 907 1995 raptum
921 1916 1086 1977 trieteride
1099 1935 1180 1977 ncnc

440 2000 518 2059 Dum
532 2006 675 2060 numerat
689 1996 821 2080 palmas,
843 1999 979 2060 eredidit
993 2019 1061 2060 esse
1077 2018 1192 2063 senem.

800 2149 877 2211 LIV.

399 2260 542 2340 Menses,
564 2258 639 2339 ote,
660 2263 756 2322 bonas
770 2263 878 2343 ponis,
894 2261 1203 2344 sed'punisopertas.

441 2342 618 2405 Ridiculum
633 2351 694 2404 est:
716 2366 839 2425 possum
854 2348 900 2406 sic
915 2366 971 2427 ego
986 2348 1102 2409 habere
1118 2351 1223 2410 bonas,

805 2481 870 2543 LV.

402 2590 567 2649 Arrectum
584 2593 726 2669 quotiens
742 2591 879 2654 Marulla
893 2610 1005 2672 penem

399 2675 544 2734 Pensavit
559 2673 663 2753 digitis
678 2676 791 2758 diuque
807 2691 913 2737 mensa
928 2684 992 2752 est,

399 2758 523 2836 Libras,
546 2759 680 2839 scripula
694 2759 890 2838 sextulasque
907 2757 991 2818 dicit.

398 2840 482 2900 ldem
497 2850 568 2923 post
584 2864 659 2923 opus
675 2850 707 2903 et
724 2864 793 2904 suas
806 2840 977 2922 palaestras

375 2925 480 2985 5Lurc
496 2947 564 2987 cum
580 2926 690 2987 similis
705 2929 786 2987 iacet
801 2926 951 3003 remisso,

399 3010 518 3084 Quanto
533 3013 574 3071 sit
591 3010 692 3071 levior
705 3008 839 3071 Marulla
853 3008 938 3068 dicit.

399 3094 468 3153 Non
483 3113 558 3173 ergo
575 3101 623 3153 est
637 3112 743 3153 manus
758 3095 833 3168 ista,
853 3091 910 3152 sed
927 3098 1050 3152 statera.

796 3225 874 3286 LVI.

399 3337 505 3414 Totis,
528 3336 634 3415 Galle,
655 3340 744 3398 iubes
762 3339 819 3396 tibi
833 3356 884 3396 me
900 3338 1018 3398 servire
1035 3335 1144 3397 diebus

441 3422 482 3479 Et
496 3440 554 3500 per
568 3421 753 3480 Aventinum
767 3427 818 3480 ter
832 3427 943 3499 quater
956 3422 1004 3480 ire
1020 3419 1128 3481 lutum.

399 3504 513 3562 Eximit
529 3511 580 3562 cut
594 3504 697 3563 reficit
713 3505 838 3564 dentem
854 3502 1024 3566 Cascellius
1040 3521 1181 3581 aegrum,

443 3587 576 3646 infestus
592 3586 690 3647 oculis
704 3590 785 3665 uris,
807 3590 946 3669 Hygine‚
966 3590 1064 3668 pilcs;

378 3671 478 3816 ⁵N⁰1ll
487 3678 572 3730 secat
587 3685 620 3732 et
634 3671 718 3733 tcllit
732 3671 901 3734 stillantem
914 3673 1051 3733 Fannius
1066 3691 1169 3817 uvalrp

481 3775 551 3817 acu.
