<?xml version="1.0" encoding="UTF-8"?>
<!DOCTYPE html PUBLIC "-//W3C//DTD XHTML 1.0 Transitional//EN"
    "http://www.w3.org/TR/xhtml1/DTD/xhtml1-transitional.dtd">
<html xmlns="http://www.w3.org/1999/xhtml" xml:lang="en" lang="en">
 <head>
  <title>
</title>
<meta http-equiv="Content-Type" content="text/html;charset=utf-8" />
  <meta name='ocr-system' content='tesseract 3.04.00' />
  <meta name='ocr-capabilities' content='ocr_page ocr_carea ocr_par ocr_line ocrx_word'/>
</head>
<body>
  <div class='ocr_page' id='page_1' title='image "./satirarumlibriq00juvegoog_0068.png"; bbox 0 0 3434 4575; ppageno 0'>
   <div class='ocr_carea' id='block_1_1' title="bbox 430 459 1121 520">
    <p class='ocr_par' dir='ltr' id='par_1_1' title="bbox 430 459 1121 520">
     <span class='ocr_line' id='line_1_1' title="bbox 430 459 1121 520; baseline -0.006 0"><span class='ocrx_word' id='word_1_1' title='bbox 430 459 470 520; x_wconf 79' lang='lat'><strong>32</strong></span> <span class='ocrx_word' id='word_1_2' title='bbox 775 468 810 515; x_wconf 85' lang='lat' dir='ltr'><strong>n.</strong></span> <span class='ocrx_word' id='word_1_3' title='bbox 835 464 908 515; x_wconf 81' lang='lat' dir='ltr'><strong>run.</strong></span> <span class='ocrx_word' id='word_1_4' title='bbox 932 465 1121 516; x_wconf 77' lang='lat' dir='ltr'><strong>mvnnms</strong></span> 
     </span>
    </p>
   </div>
   <div class='ocr_carea' id='block_1_2' title="bbox 400 608 1426 3651">
    <p class='ocr_par' dir='ltr' id='par_1_2' title="bbox 430 608 1160 687">
     <span class='ocr_line' id='line_1_2' title="bbox 430 608 1160 687; baseline -0.014 -11"><span class='ocrx_word' id='word_1_5' title='bbox 430 614 499 676; x_wconf 87' lang='lat' dir='ltr'><strong>lnda</strong></span> <span class='ocrx_word' id='word_1_6' title='bbox 520 612 602 673; x_wconf 89' lang='lat' dir='ltr'><strong>laces</strong></span> <span class='ocrx_word' id='word_1_7' title='bbox 621 611 739 687; x_wconf 80' lang='lat' dir='ltr'>ardent,</span> <span class='ocrx_word' id='word_1_8' title='bbox 762 610 880 671; x_wconf 81' lang='lat' dir='ltr'><strong>veniunt</strong></span> <span class='ocrx_word' id='word_1_9' title='bbox 897 628 913 669; x_wconf 93' lang='lat' dir='ltr'><strong>a</strong></span> <span class='ocrx_word' id='word_1_10' title='bbox 933 608 1001 670; x_wconf 95' lang='lat' dir='ltr'><strong>dote</strong></span> <span class='ocrx_word' id='word_1_11' title='bbox 1025 609 1160 687; x_wconf 74' lang='lat' dir='ltr'>sagittae.</span> 
     </span>
    </p>

    <p class='ocr_par' dir='ltr' id='par_1_3' title="bbox 400 693 1426 775">
     <span class='ocr_line' id='line_1_3' title="bbox 400 693 1426 775; baseline -0.009 -15"><span class='ocrx_word' id='word_1_12' title='bbox 400 757 409 775; x_wconf 72' lang='grc'><em>,</em></span> <span class='ocrx_word' id='word_1_13' title='bbox 431 698 560 759; x_wconf 78' lang='lat' dir='ltr'><strong>Libertas</strong></span> <span class='ocrx_word' id='word_1_14' title='bbox 585 696 703 756; x_wconf 88' lang='lat' dir='ltr'><strong>emitur:</strong></span> <span class='ocrx_word' id='word_1_15' title='bbox 727 712 825 755; x_wconf 91' lang='lat' dir='ltr'><strong>coram</strong></span> <span class='ocrx_word' id='word_1_16' title='bbox 847 693 1029 755; x_wconf 87' lang='lat' dir='ltr'><strong>licetinnuat</strong></span> <span class='ocrx_word' id='word_1_17' title='bbox 1051 703 1139 773; x_wconf 88' lang='lat' dir='ltr'><strong>atque</strong></span> <span class='ocrx_word' id='word_1_18' title='bbox 1375 705 1426 760; x_wconf 76' lang='lat' dir='ltr'><strong>lto</strong></span> 
     </span>
    </p>

    <p class='ocr_par' dir='ltr' id='par_1_4' title="bbox 430 778 1296 859">
     <span class='ocr_line' id='line_1_4' title="bbox 430 778 1296 859; baseline -0.008 -15"><span class='ocrx_word' id='word_1_19' title='bbox 430 781 601 854; x_wconf 82' lang='lat' dir='ltr'><strong>Rescribat,</strong></span> <span class='ocrx_word' id='word_1_20' title='bbox 624 780 709 841; x_wconf 90' lang='lat' dir='ltr'><strong>vidua</strong></span> <span class='ocrx_word' id='word_1_21' title='bbox 733 788 795 855; x_wconf 88' lang='lat' dir='ltr'><strong>est,</strong></span> <span class='ocrx_word' id='word_1_22' title='bbox 820 778 956 858; x_wconf 82' lang='lat' dir='ltr'><strong>locuples</strong></span> <span class='ocrx_word' id='word_1_23' title='bbox 979 795 1054 859; x_wconf 88' lang='lat' dir='ltr'><strong>quae</strong></span> <span class='ocrx_word' id='word_1_24' title='bbox 1077 778 1176 858; x_wconf 78' lang='lat' dir='ltr'><strong>nupsit</strong></span> <span class='ocrx_word' id='word_1_25' title='bbox 1196 795 1296 839; x_wconf 83' lang='lat' dir='ltr'><strong>avaro.</strong></span> 
     </span>
    </p>

    <p class='ocr_par' dir='ltr' id='par_1_5' title="bbox 430 859 1107 929">
     <span class='ocr_line' id='line_1_5' title="bbox 430 859 1107 929; baseline -0.01 0"><span class='ocrx_word' id='word_1_26' title='bbox 430 865 489 929; x_wconf 90' lang='lat' dir='ltr'><strong>Gur</strong></span> <span class='ocrx_word' id='word_1_27' title='bbox 513 866 661 927; x_wconf 88' lang='lat' dir='ltr'><strong>desiderio</strong></span> <span class='ocrx_word' id='word_1_28' title='bbox 684 863 805 924; x_wconf 83' lang='lat' dir='ltr'><strong>Bibulae</strong></span> <span class='ocrx_word' id='word_1_29' title='bbox 828 864 976 924; x_wconf 91' lang='lat' dir='ltr'><strong>Sertorius</strong></span> <span class='ocrx_word' id='word_1_30' title='bbox 1002 859 1107 922; x_wconf 84' lang='lat' dir='ltr'><strong>ardeti</strong></span> 
     </span>
    </p>

    <p class='ocr_par' dir='ltr' id='par_1_6' title="bbox 430 949 1214 1025">
     <span class='ocr_line' id='line_1_6' title="bbox 430 949 1214 1025; baseline -0.01 -12"><span class='ocrx_word' id='word_1_31' title='bbox 430 954 460 1014; x_wconf 87' lang='lat' dir='ltr'><strong>Si</strong></span> <span class='ocrx_word' id='word_1_32' title='bbox 485 968 586 1010; x_wconf 86' lang='lat' dir='ltr'><strong>verum</strong></span> <span class='ocrx_word' id='word_1_33' title='bbox 609 949 757 1025; x_wconf 84' lang='lat' dir='ltr'><strong>excutias,</strong></span> <span class='ocrx_word' id='word_1_34' title='bbox 782 949 892 1025; x_wconf 83' lang='lat' dir='ltr'><strong>iacies,</strong></span> <span class='ocrx_word' id='word_1_35' title='bbox 919 965 976 1007; x_wconf 92' lang='lat' dir='ltr'><strong>non</strong></span> <span class='ocrx_word' id='word_1_36' title='bbox 1000 965 1074 1007; x_wconf 87' lang='lat' dir='ltr'><strong>uxor</strong></span> <span class='ocrx_word' id='word_1_37' title='bbox 1095 957 1214 1008; x_wconf 89' lang='lat' dir='ltr'><strong>amatur.</strong></span> 
     </span>
    </p>

    <p class='ocr_par' dir='ltr' id='par_1_7' title="bbox 430 1032 1205 1113">
     <span class='ocr_line' id='line_1_7' title="bbox 430 1032 1205 1113; baseline -0.006 -15"><span class='ocrx_word' id='word_1_38' title='bbox 430 1037 504 1098; x_wconf 80' lang='lat' dir='ltr'><strong>Tres</strong></span> <span class='ocrx_word' id='word_1_39' title='bbox 528 1053 618 1113; x_wconf 86' lang='lat' dir='ltr'><strong>rugae</strong></span> <span class='ocrx_word' id='word_1_40' title='bbox 643 1032 782 1110; x_wconf 88' lang='lat' dir='ltr'><strong>subeant,</strong></span> <span class='ocrx_word' id='word_1_41' title='bbox 807 1041 836 1092; x_wconf 88' lang='lat' dir='ltr'><strong>et</strong></span> <span class='ocrx_word' id='word_1_42' title='bbox 858 1051 892 1093; x_wconf 92' lang='lat' dir='ltr'><strong>se</strong></span> <span class='ocrx_word' id='word_1_43' title='bbox 917 1033 991 1093; x_wconf 90' lang='lat' dir='ltr'><strong>cutis</strong></span> <span class='ocrx_word' id='word_1_44' title='bbox 1012 1032 1091 1093; x_wconf 91' lang='lat' dir='ltr'><strong>arida</strong></span> <span class='ocrx_word' id='word_1_45' title='bbox 1115 1032 1205 1108; x_wconf 81' lang='lat' dir='ltr'><strong>laxet,</strong></span> 
     </span>
    </p>

    <p class='ocr_par' dir='ltr' id='par_1_8' title="bbox 430 1115 1424 1196">
     <span class='ocr_line' id='line_1_8' title="bbox 430 1115 1424 1196; baseline -0.01 -14"><span class='ocrx_word' id='word_1_46' title='bbox 430 1121 513 1182; x_wconf 78' lang='lat' dir='ltr'><strong>Fiant</strong></span> <span class='ocrx_word' id='word_1_47' title='bbox 535 1119 654 1181; x_wconf 77' lang='lat' dir='ltr'><strong>obscuri</strong></span> <span class='ocrx_word' id='word_1_48' title='bbox 674 1118 777 1179; x_wconf 88' lang='lat' dir='ltr'><strong>dentes</strong></span> <span class='ocrx_word' id='word_1_49' title='bbox 800 1115 938 1196; x_wconf 82' lang='lat' dir='ltr'><strong>oculique</strong></span> <span class='ocrx_word' id='word_1_50' title='bbox 964 1117 1107 1176; x_wconf 89' lang='lat' dir='ltr'><strong>minores:</strong></span> <span class='ocrx_word' id='word_1_51' title='bbox 1376 1127 1424 1181; x_wconf 75' lang='lat' dir='ltr'><strong>aas</strong></span> 
     </span>
    </p>

    <p class='ocr_par' dir='ltr' id='par_1_9' title="bbox 431 1201 1134 1283">
     <span class='ocr_line' id='line_1_9' title="bbox 431 1201 1134 1283; baseline -0.01 -16"><span class='ocrx_word' id='word_1_52' title='bbox 431 1205 547 1283; x_wconf 87' lang='lat' dir='ltr'><strong>Gollige</strong></span> <span class='ocrx_word' id='word_1_53' title='bbox 570 1203 748 1277; x_wconf 89' lang='lat' dir='ltr'><strong>sarcinulas,</strong></span> <span class='ocrx_word' id='word_1_54' title='bbox 772 1202 850 1263; x_wconf 89' lang='lat' dir='ltr'><strong>dicet</strong></span> <span class='ocrx_word' id='word_1_55' title='bbox 873 1201 1012 1277; x_wconf 87' lang='lat' dir='ltr'><strong>libertus,</strong></span> <span class='ocrx_word' id='word_1_56' title='bbox 1033 1210 1062 1260; x_wconf 87' lang='lat' dir='ltr'><strong>et</strong></span> <span class='ocrx_word' id='word_1_57' title='bbox 1085 1203 1134 1261; x_wconf 82' lang='lat' dir='ltr'><strong>exi</strong></span> 
     </span>
    </p>

    <p class='ocr_par' dir='ltr' id='par_1_10' title="bbox 431 1285 1243 1372">
     <span class='ocr_line' id='line_1_10' title="bbox 431 1285 1243 1372; baseline -0.007 -20"><span class='ocrx_word' id='word_1_58' title='bbox 431 1291 503 1372; x_wconf 67' lang='lat' dir='ltr'><strong>{lam</strong></span> <span class='ocrx_word' id='word_1_59' title='bbox 524 1291 623 1368; x_wconf 83' lang='lat' dir='ltr'><strong>gravis</strong></span> <span class='ocrx_word' id='word_1_60' title='bbox 647 1307 680 1348; x_wconf 88' lang='lat' dir='ltr'><strong>es</strong></span> <span class='ocrx_word' id='word_1_61' title='bbox 701 1285 787 1347; x_wconf 90' lang='lat' dir='ltr'><strong>nobis</strong></span> <span class='ocrx_word' id='word_1_62' title='bbox 810 1296 839 1346; x_wconf 89' lang='lat' dir='ltr'><strong>et</strong></span> <span class='ocrx_word' id='word_1_63' title='bbox 861 1304 953 1364; x_wconf 82' lang='lat' dir='ltr'><strong>saepe</strong></span> <span class='ocrx_word' id='word_1_64' title='bbox 978 1288 1158 1364; x_wconf 87' lang='lat' dir='ltr'><strong>emungeris:</strong></span> <span class='ocrx_word' id='word_1_65' title='bbox 1184 1286 1243 1366; x_wconf 81' lang='lat' dir='ltr'><strong>exi]</strong></span> 
     </span>
    </p>

    <p class='ocr_par' dir='ltr' id='par_1_11' title="bbox 432 1370 1162 1452">
     <span class='ocr_line' id='line_1_11' title="bbox 432 1370 1162 1452; baseline -0.007 -17"><span class='ocrx_word' id='word_1_66' title='bbox 432 1374 519 1437; x_wconf 81' lang='lat' dir='ltr'><strong>Ocius</strong></span> <span class='ocrx_word' id='word_1_67' title='bbox 543 1383 572 1434; x_wconf 91' lang='lat' dir='ltr'><strong>et</strong></span> <span class='ocrx_word' id='word_1_68' title='bbox 588 1390 732 1452; x_wconf 88' lang='lat' dir='ltr'><strong>propera:</strong></span> <span class='ocrx_word' id='word_1_69' title='bbox 755 1371 837 1431; x_wconf 90' lang='lat' dir='ltr'><strong>sicco</strong></span> <span class='ocrx_word' id='word_1_70' title='bbox 861 1372 940 1430; x_wconf 84' lang='lat' dir='ltr'><strong>venit</strong></span> <span class='ocrx_word' id='word_1_71' title='bbox 964 1370 1057 1431; x_wconf 92' lang='lat' dir='ltr'><strong>altera</strong></span> <span class='ocrx_word' id='word_1_72' title='bbox 1081 1388 1162 1431; x_wconf 86' lang='lat' dir='ltr'><strong>naso.</strong></span> 
     </span>
    </p>

    <p class='ocr_par' dir='ltr' id='par_1_12' title="bbox 430 1457 1163 1535">
     <span class='ocr_line' id='line_1_12' title="bbox 430 1457 1163 1535; baseline -0.007 -14"><span class='ocrx_word' id='word_1_73' title='bbox 430 1460 546 1521; x_wconf 86' lang='lat' dir='ltr'><strong>lnterea</strong></span> <span class='ocrx_word' id='word_1_74' title='bbox 569 1458 647 1519; x_wconf 89' lang='lat' dir='ltr'><strong>calet</strong></span> <span class='ocrx_word' id='word_1_75' title='bbox 670 1466 698 1516; x_wconf 88' lang='lat' dir='ltr'><strong>et</strong></span> <span class='ocrx_word' id='word_1_76' title='bbox 720 1464 826 1533; x_wconf 86' lang='lat' dir='ltr'><strong>regnat</strong></span> <span class='ocrx_word' id='word_1_77' title='bbox 852 1457 1008 1535; x_wconf 87' lang='lat' dir='ltr'><strong>poscitque</strong></span> <span class='ocrx_word' id='word_1_78' title='bbox 1033 1457 1163 1516; x_wconf 91' lang='lat' dir='ltr'><strong>maritum</strong></span> 
     </span>
    </p>

    <p class='ocr_par' dir='ltr' id='par_1_13' title="bbox 431 1537 1425 1619">
     <span class='ocr_line' id='line_1_13' title="bbox 431 1537 1425 1619; baseline -0.002 -15"><span class='ocrx_word' id='word_1_79' title='bbox 431 1543 568 1605; x_wconf 85' lang='lat' dir='ltr'><strong>Pastores</strong></span> <span class='ocrx_word' id='word_1_80' title='bbox 592 1552 621 1602; x_wconf 91' lang='lat' dir='ltr'><strong>et</strong></span> <span class='ocrx_word' id='word_1_81' title='bbox 643 1559 729 1601; x_wconf 88' lang='lat' dir='ltr'><strong>orem</strong></span> <span class='ocrx_word' id='word_1_82' title='bbox 754 1537 927 1601; x_wconf 83' lang='lat' dir='ltr'><strong>Canusinam</strong></span> <span class='ocrx_word' id='word_1_83' title='bbox 949 1540 1103 1619; x_wconf 87' lang='lat' dir='ltr'><strong>ulmosque</strong></span> <span class='ocrx_word' id='word_1_84' title='bbox 1126 1539 1267 1601; x_wconf 83' lang='lat' dir='ltr'><strong>Falernas</strong></span> <span class='ocrx_word' id='word_1_85' title='bbox 1291 1573 1334 1588; x_wconf 88' lang='lat'><em>-</em></span> <span class='ocrx_word' id='word_1_86' title='bbox 1379 1551 1425 1602; x_wconf 81' lang='lat'><strong>150</strong></span> 
     </span>
    </p>

    <p class='ocr_par' dir='ltr' id='par_1_14' title="bbox 431 1622 1354 1703">
     <span class='ocr_line' id='line_1_14' title="bbox 431 1622 1354 1703; baseline 0.001 -15"><span class='ocrx_word' id='word_1_87' title='bbox 431 1627 604 1702; x_wconf 82' lang='lat' dir='ltr'><strong>Quantulum</strong></span> <span class='ocrx_word' id='word_1_88' title='bbox 628 1627 703 1687; x_wconf 90' lang='lat' dir='ltr'><strong>enim</strong></span> <span class='ocrx_word' id='word_1_89' title='bbox 726 1622 807 1685; x_wconf 84' lang='lat' dir='ltr'><strong>hoci</strong></span> <span class='ocrx_word' id='word_1_90' title='bbox 830 1642 940 1703; x_wconf 88' lang='lat' dir='ltr'><strong>pueros</strong></span> <span class='ocrx_word' id='word_1_91' title='bbox 964 1642 1082 1699; x_wconf 81' lang='lat' dir='ltr'><strong>omnes,</strong></span> <span class='ocrx_word' id='word_1_92' title='bbox 1108 1626 1256 1703; x_wconf 87' lang='lat' dir='ltr'><strong>ergastula</strong></span> <span class='ocrx_word' id='word_1_93' title='bbox 1280 1635 1354 1689; x_wconf 90' lang='lat' dir='ltr'><strong>tota:</strong></span> 
     </span>
    </p>

    <p class='ocr_par' dir='ltr' id='par_1_15' title="bbox 431 1709 1315 1791">
     <span class='ocr_line' id='line_1_15' title="bbox 431 1709 1315 1791; baseline -0.005 -19"><span class='ocrx_word' id='word_1_94' title='bbox 431 1711 575 1791; x_wconf 85' lang='lat' dir='ltr'><strong>Quodque</strong></span> <span class='ocrx_word' id='word_1_95' title='bbox 599 1711 676 1772; x_wconf 92' lang='lat' dir='ltr'><strong>domi</strong></span> <span class='ocrx_word' id='word_1_96' title='bbox 699 1719 841 1784; x_wconf 83' lang='lat' dir='ltr'><strong>nonest,</strong></span> <span class='ocrx_word' id='word_1_97' title='bbox 864 1710 916 1770; x_wconf 88' lang='lat' dir='ltr'><strong>sed</strong></span> <span class='ocrx_word' id='word_1_98' title='bbox 941 1709 1029 1770; x_wconf 89' lang='lat' dir='ltr'><strong>habet</strong></span> <span class='ocrx_word' id='word_1_99' title='bbox 1051 1711 1179 1786; x_wconf 85' lang='lat' dir='ltr'><strong>vicinus,</strong></span> <span class='ocrx_word' id='word_1_100' title='bbox 1204 1720 1315 1770; x_wconf 88' lang='lat' dir='ltr'><strong>ematur</strong></span> 
     </span>
    </p>

    <p class='ocr_par' dir='ltr' id='par_1_16' title="bbox 430 1793 1294 1875">
     <span class='ocr_line' id='line_1_16' title="bbox 430 1793 1294 1875; baseline -0.006 -17"><span class='ocrx_word' id='word_1_101' title='bbox 430 1796 532 1858; x_wconf 79' lang='lat' dir='ltr'><strong>biensa</strong></span> <span class='ocrx_word' id='word_1_102' title='bbox 555 1795 669 1874; x_wconf 88' lang='lat' dir='ltr'><strong>quidem</strong></span> <span class='ocrx_word' id='word_1_103' title='bbox 693 1794 827 1870; x_wconf 84' lang='lat' dir='ltr'><strong>brumae,</strong></span> <span class='ocrx_word' id='word_1_104' title='bbox 853 1813 939 1875; x_wconf 92' lang='lat' dir='ltr'><strong>quum</strong></span> <span class='ocrx_word' id='word_1_105' title='bbox 963 1797 1017 1855; x_wconf 92' lang='lat' dir='ltr'><strong>iam</strong></span> <span class='ocrx_word' id='word_1_106' title='bbox 1039 1804 1185 1854; x_wconf 88' lang='lat' dir='ltr'><strong>mercator</strong></span> <span class='ocrx_word' id='word_1_107' title='bbox 1207 1793 1294 1855; x_wconf 89' lang='lat' dir='ltr'><strong>lason</strong></span> 
     </span>
    </p>

    <p class='ocr_par' dir='ltr' id='par_1_17' title="bbox 432 1878 1233 1954">
     <span class='ocr_line' id='line_1_17' title="bbox 432 1878 1233 1954; baseline -0.005 -12"><span class='ocrx_word' id='word_1_108' title='bbox 432 1879 555 1942; x_wconf 84' lang='lat' dir='ltr'><strong>Clausus</strong></span> <span class='ocrx_word' id='word_1_109' title='bbox 582 1891 611 1940; x_wconf 92' lang='lat' dir='ltr'><strong>et</strong></span> <span class='ocrx_word' id='word_1_110' title='bbox 633 1881 749 1941; x_wconf 89' lang='lat' dir='ltr'><strong>armatis</strong></span> <span class='ocrx_word' id='word_1_111' title='bbox 774 1878 872 1940; x_wconf 88' lang='lat' dir='ltr'><strong>obstat</strong></span> <span class='ocrx_word' id='word_1_112' title='bbox 893 1897 962 1939; x_wconf 91' lang='lat' dir='ltr'><strong>casa</strong></span> <span class='ocrx_word' id='word_1_113' title='bbox 984 1879 1104 1941; x_wconf 89' lang='lat' dir='ltr'><strong>candida</strong></span> <span class='ocrx_word' id='word_1_114' title='bbox 1130 1881 1233 1954; x_wconf 84' lang='lat' dir='ltr'><strong>nautis,</strong></span> 
     </span>
    </p>

    <p class='ocr_par' dir='ltr' id='par_1_18' title="bbox 432 1964 1424 2040">
     <span class='ocr_line' id='line_1_18' title="bbox 432 1964 1424 2040; baseline -0.003 -12"><span class='ocrx_word' id='word_1_115' title='bbox 432 1966 554 2028; x_wconf 82' lang='lat' dir='ltr'><strong>Grandia</strong></span> <span class='ocrx_word' id='word_1_116' title='bbox 578 1966 719 2026; x_wconf 90' lang='lat' dir='ltr'><strong>tolluntur</strong></span> <span class='ocrx_word' id='word_1_117' title='bbox 743 1964 929 2040; x_wconf 77' lang='lat' dir='ltr'><strong>crystallina,</strong></span> <span class='ocrx_word' id='word_1_118' title='bbox 953 1967 1075 2024; x_wconf 83' lang='lat' dir='ltr'><strong>maxima</strong></span> <span class='ocrx_word' id='word_1_119' title='bbox 1097 1984 1196 2030; x_wconf 88' lang='lat' dir='ltr'><strong>rursus</strong></span> <span class='ocrx_word' id='word_1_120' title='bbox 1377 1972 1424 2025; x_wconf 75' lang='grc'><strong>151</strong></span> 
     </span>
    </p>

    <p class='ocr_par' dir='ltr' id='par_1_19' title="bbox 432 2048 1289 2122">
     <span class='ocr_line' id='line_1_19' title="bbox 432 2048 1289 2122; baseline -0.005 -10"><span class='ocrx_word' id='word_1_121' title='bbox 432 2049 579 2122; x_wconf 76' lang='lat' dir='ltr'><strong>Murrina,</strong></span> <span class='ocrx_word' id='word_1_122' title='bbox 619 2049 725 2112; x_wconf 89' lang='lat' dir='ltr'><strong>deinde</strong></span> <span class='ocrx_word' id='word_1_123' title='bbox 748 2048 864 2109; x_wconf 91' lang='lat' dir='ltr'><strong>adamas</strong></span> <span class='ocrx_word' id='word_1_124' title='bbox 886 2050 1053 2109; x_wconf 89' lang='lat' dir='ltr'><strong>notissimus</strong></span> <span class='ocrx_word' id='word_1_125' title='bbox 1078 2058 1107 2109; x_wconf 90' lang='lat' dir='ltr'><strong>et</strong></span> <span class='ocrx_word' id='word_1_126' title='bbox 1129 2048 1289 2110; x_wconf 80' lang='lat' dir='ltr'><strong>beronices</strong></span> 
     </span>
    </p>

    <p class='ocr_par' dir='ltr' id='par_1_20' title="bbox 432 2131 1197 2213">
     <span class='ocr_line' id='line_1_20' title="bbox 432 2131 1197 2213; baseline -0.005 -16"><span class='ocrx_word' id='word_1_127' title='bbox 432 2136 461 2198; x_wconf 87' lang='lat' dir='ltr'><strong>ln</strong></span> <span class='ocrx_word' id='word_1_128' title='bbox 484 2136 575 2213; x_wconf 83' lang='lat' dir='ltr'><strong>digito</strong></span> <span class='ocrx_word' id='word_1_129' title='bbox 597 2134 691 2195; x_wconf 85' lang='lat' dir='ltr'><strong>iactus</strong></span> <span class='ocrx_word' id='word_1_130' title='bbox 717 2135 905 2212; x_wconf 88' lang='lat' dir='ltr'><strong>[pretiosior:</strong></span> <span class='ocrx_word' id='word_1_131' title='bbox 927 2131 1003 2193; x_wconf 93' lang='lat' dir='ltr'><strong>hunc</strong></span> <span class='ocrx_word' id='word_1_132' title='bbox 1026 2133 1105 2194; x_wconf 87' lang='lat' dir='ltr'><strong>dedit</strong></span> <span class='ocrx_word' id='word_1_133' title='bbox 1129 2134 1197 2194; x_wconf 93' lang='lat' dir='ltr'><strong>olim</strong></span> 
     </span>
    </p>

    <p class='ocr_par' dir='ltr' id='par_1_21' title="bbox 433 2217 1249 2298">
     <span class='ocr_line' id='line_1_21' title="bbox 433 2217 1249 2298; baseline -0.004 -18"><span class='ocrx_word' id='word_1_134' title='bbox 433 2219 575 2281; x_wconf 88' lang='lat' dir='ltr'><strong>Barbarus</strong></span> <span class='ocrx_word' id='word_1_135' title='bbox 599 2219 761 2297; x_wconf 80' lang='lat' dir='ltr'><strong>incestael,</strong></span> <span class='ocrx_word' id='word_1_136' title='bbox 785 2217 866 2278; x_wconf 90' lang='lat' dir='ltr'><strong>dedit</strong></span> <span class='ocrx_word' id='word_1_137' title='bbox 888 2217 964 2278; x_wconf 92' lang='lat' dir='ltr'><strong>hunc</strong></span> <span class='ocrx_word' id='word_1_138' title='bbox 985 2218 1117 2298; x_wconf 83' lang='lat' dir='ltr'><strong>Agrippa</strong></span> <span class='ocrx_word' id='word_1_139' title='bbox 1141 2221 1249 2295; x_wconf 84' lang='lat' dir='ltr'><strong>sorori,</strong></span> 
     </span>
    </p>

    <p class='ocr_par' dir='ltr' id='par_1_22' title="bbox 432 2304 1336 2382">
     <span class='ocr_line' id='line_1_22' title="bbox 432 2304 1336 2382; baseline -0.001 -18"><span class='ocrx_word' id='word_1_140' title='bbox 432 2305 598 2366; x_wconf 85' lang='lat' dir='ltr'><strong>Observant</strong></span> <span class='ocrx_word' id='word_1_141' title='bbox 620 2304 668 2364; x_wconf 94' lang='lat' dir='ltr'><strong>ubi</strong></span> <span class='ocrx_word' id='word_1_142' title='bbox 689 2305 763 2364; x_wconf 88' lang='lat' dir='ltr'><strong>lesta</strong></span> <span class='ocrx_word' id='word_1_143' title='bbox 786 2320 868 2362; x_wconf 90' lang='lat' dir='ltr'><strong>mero</strong></span> <span class='ocrx_word' id='word_1_144' title='bbox 894 2304 970 2382; x_wconf 88' lang='lat' dir='ltr'><strong>pede</strong></span> <span class='ocrx_word' id='word_1_145' title='bbox 992 2304 1112 2364; x_wconf 89' lang='lat' dir='ltr'><strong>sabbata</strong></span> <span class='ocrx_word' id='word_1_146' title='bbox 1135 2323 1234 2382; x_wconf 84' lang='lat' dir='ltr'><strong>reges,</strong></span> <span class='ocrx_word' id='word_1_147' title='bbox 1334 2326 1336 2330; x_wconf 63' lang='grc'>’</span> 
     </span>
    </p>

    <p class='ocr_par' dir='ltr' id='par_1_23' title="bbox 433 2387 1425 2553">
     <span class='ocr_line' id='line_1_23' title="bbox 433 2387 1425 2468; baseline 0.001 -18"><span class='ocrx_word' id='word_1_148' title='bbox 433 2389 468 2450; x_wconf 81' lang='lat' dir='ltr'><strong>tu</strong></span> <span class='ocrx_word' id='word_1_149' title='bbox 489 2399 575 2450; x_wconf 85' lang='lat' dir='ltr'><strong>vetus</strong></span> <span class='ocrx_word' id='word_1_150' title='bbox 599 2388 729 2465; x_wconf 85' lang='lat' dir='ltr'><strong>indulget</strong></span> <span class='ocrx_word' id='word_1_151' title='bbox 750 2387 868 2447; x_wconf 89' lang='lat' dir='ltr'><strong>senibus</strong></span> <span class='ocrx_word' id='word_1_152' title='bbox 892 2387 1045 2449; x_wconf 89' lang='lat' dir='ltr'><strong>clementia</strong></span> <span class='ocrx_word' id='word_1_153' title='bbox 1067 2391 1175 2468; x_wconf 91' lang='lat' dir='ltr'><strong>porcis.</strong></span> <span class='ocrx_word' id='word_1_154' title='bbox 1378 2398 1425 2453; x_wconf 86' lang='lat' dir='ltr'><strong>roo</strong></span> 
     </span>
     <span class='ocr_line' id='line_1_24' title="bbox 475 2471 1278 2553; baseline 0 -20"><span class='ocrx_word' id='word_1_155' title='bbox 475 2472 599 2534; x_wconf 85' lang='lat' dir='ltr'><strong>Nullane</strong></span> <span class='ocrx_word' id='word_1_156' title='bbox 623 2474 660 2534; x_wconf 89' lang='lat' dir='ltr'><strong>de</strong></span> <span class='ocrx_word' id='word_1_157' title='bbox 684 2474 768 2533; x_wconf 90' lang='lat' dir='ltr'><strong>tantis</strong></span> <span class='ocrx_word' id='word_1_158' title='bbox 793 2472 934 2551; x_wconf 84' lang='lat' dir='ltr'><strong>gregibus</strong></span> <span class='ocrx_word' id='word_1_159' title='bbox 962 2473 1012 2533; x_wconf 90' lang='lat' dir='ltr'><strong>tibi</strong></span> <span class='ocrx_word' id='word_1_160' title='bbox 1035 2474 1120 2553; x_wconf 88' lang='lat' dir='ltr'><strong>digna</strong></span> <span class='ocrx_word' id='word_1_161' title='bbox 1144 2471 1278 2534; x_wconf 78' lang='lat' dir='ltr'><strong>videtur?</strong></span> 
     </span>
    </p>

    <p class='ocr_par' dir='ltr' id='par_1_24' title="bbox 432 2557 1245 2634">
     <span class='ocr_line' id='line_1_25' title="bbox 432 2557 1245 2634; baseline -0.002 -15"><span class='ocrx_word' id='word_1_162' title='bbox 432 2561 475 2619; x_wconf 81' lang='lat' dir='ltr'><strong>Sit</strong></span> <span class='ocrx_word' id='word_1_163' title='bbox 497 2558 642 2632; x_wconf 79' lang='lat' dir='ltr'><strong>formosa,</strong></span> <span class='ocrx_word' id='word_1_164' title='bbox 669 2558 796 2633; x_wconf 84' lang='lat' dir='ltr'><strong>decens,</strong></span> <span class='ocrx_word' id='word_1_165' title='bbox 823 2557 924 2634; x_wconf 87' lang='lat' dir='ltr'><strong>dives,</strong></span> <span class='ocrx_word' id='word_1_166' title='bbox 947 2558 1087 2634; x_wconf 77' lang='lat' dir='ltr'><strong>fecunda,</strong></span> <span class='ocrx_word' id='word_1_167' title='bbox 1112 2567 1245 2618; x_wconf 87' lang='lat' dir='ltr'><strong>vetustos</strong></span> 
     </span>
    </p>

    <p class='ocr_par' dir='ltr' id='par_1_25' title="bbox 433 2642 1133 2721">
     <span class='ocr_line' id='line_1_26' title="bbox 433 2642 1133 2721; baseline -0.004 -17"><span class='ocrx_word' id='word_1_168' title='bbox 433 2642 595 2704; x_wconf 88' lang='lat' dir='ltr'><strong>Porticibus</strong></span> <span class='ocrx_word' id='word_1_169' title='bbox 618 2642 754 2721; x_wconf 88' lang='lat' dir='ltr'><strong>disponat</strong></span> <span class='ocrx_word' id='word_1_170' title='bbox 780 2659 868 2716; x_wconf 72' lang='lat' dir='ltr'><strong>avos,</strong></span> <span class='ocrx_word' id='word_1_171' title='bbox 897 2643 1031 2703; x_wconf 90' lang='lat' dir='ltr'><strong>intactior</strong></span> <span class='ocrx_word' id='word_1_172' title='bbox 1057 2644 1133 2702; x_wconf 89' lang='lat' dir='ltr'><strong>omni</strong></span> 
     </span>
    </p>

    <p class='ocr_par' dir='ltr' id='par_1_26' title="bbox 432 2726 1133 2802">
     <span class='ocr_line' id='line_1_27' title="bbox 432 2726 1133 2802; baseline -0.001 -14"><span class='ocrx_word' id='word_1_173' title='bbox 432 2726 566 2788; x_wconf 84' lang='lat' dir='ltr'><strong>Crinibus</strong></span> <span class='ocrx_word' id='word_1_174' title='bbox 585 2727 685 2788; x_wconf 85' lang='lat' dir='ltr'><strong>eliusis</strong></span> <span class='ocrx_word' id='word_1_175' title='bbox 711 2726 819 2787; x_wconf 88' lang='lat' dir='ltr'><strong>bellum</strong></span> <span class='ocrx_word' id='word_1_176' title='bbox 841 2726 994 2787; x_wconf 87' lang='lat' dir='ltr'><strong>dirimente</strong></span> <span class='ocrx_word' id='word_1_177' title='bbox 1016 2727 1133 2802; x_wconf 78' lang='lat' dir='ltr'><strong>Sabina,</strong></span> 
     </span>
    </p>

    <p class='ocr_par' dir='ltr' id='par_1_27' title="bbox 434 2812 1425 2906">
     <span class='ocr_line' id='line_1_28' title="bbox 434 2812 1425 2906; baseline 0.001 -33"><span class='ocrx_word' id='word_1_178' title='bbox 434 2812 509 2873; x_wconf 85' lang='lat' dir='ltr'><strong>Rara</strong></span> <span class='ocrx_word' id='word_1_179' title='bbox 531 2812 593 2906; x_wconf 71' lang='lat' dir='ltr'><strong>apis</strong></span> <span class='ocrx_word' id='word_1_180' title='bbox 618 2813 754 2872; x_wconf 88' lang='lat' dir='ltr'><strong>interris</strong></span> <span class='ocrx_word' id='word_1_181' title='bbox 777 2814 920 2889; x_wconf 85' lang='lat' dir='ltr'><strong>nigroque</strong></span> <span class='ocrx_word' id='word_1_182' title='bbox 943 2812 1086 2873; x_wconf 89' lang='lat' dir='ltr'><strong>simillima</strong></span> <span class='ocrx_word' id='word_1_183' title='bbox 1110 2830 1218 2888; x_wconf 77' lang='lat' dir='ltr'><strong>cycno:</strong></span> <span class='ocrx_word' id='word_1_184' title='bbox 1378 2823 1425 2877; x_wconf 80' lang='lat' dir='ltr'><strong>tou</strong></span> 
     </span>
    </p>

    <p class='ocr_par' dir='ltr' id='par_1_28' title="bbox 433 2895 1247 2973">
     <span class='ocr_line' id='line_1_29' title="bbox 433 2895 1247 2973; baseline 0.002 -18"><span class='ocrx_word' id='word_1_185' title='bbox 433 2895 505 2970; x_wconf 82' lang='lat' dir='ltr'><strong>Quis</strong></span> <span class='ocrx_word' id='word_1_186' title='bbox 528 2896 604 2957; x_wconf 89' lang='lat' dir='ltr'><strong>leret</strong></span> <span class='ocrx_word' id='word_1_187' title='bbox 627 2914 763 2964; x_wconf 74' lang='lat' dir='ltr'><strong>uxorem,</strong></span> <span class='ocrx_word' id='word_1_188' title='bbox 790 2898 836 2956; x_wconf 93' lang='lat' dir='ltr'><strong>cui</strong></span> <span class='ocrx_word' id='word_1_189' title='bbox 862 2906 995 2957; x_wconf 90' lang='lat' dir='ltr'><strong>constant</strong></span> <span class='ocrx_word' id='word_1_190' title='bbox 1023 2895 1136 2957; x_wconf 87' lang='lat' dir='ltr'><strong>omnia?</strong></span> <span class='ocrx_word' id='word_1_191' title='bbox 1160 2897 1247 2973; x_wconf 88' lang='lat' dir='ltr'><strong>malo,</strong></span> 
     </span>
    </p>

    <p class='ocr_par' dir='ltr' id='par_1_29' title="bbox 434 2978 1178 3059">
     <span class='ocr_line' id='line_1_30' title="bbox 434 2978 1178 3059; baseline 0 -18"><span class='ocrx_word' id='word_1_192' title='bbox 434 2980 510 3041; x_wconf 80' lang='lat' dir='ltr'><strong>ttato</strong></span> <span class='ocrx_word' id='word_1_193' title='bbox 533 2981 727 3056; x_wconf 85' lang='lat' dir='ltr'><strong>Venusinam,</strong></span> <span class='ocrx_word' id='word_1_194' title='bbox 750 2998 834 3059; x_wconf 81' lang='lat' dir='ltr'><strong>quam</strong></span> <span class='ocrx_word' id='word_1_195' title='bbox 859 2991 904 3055; x_wconf 88' lang='lat' dir='ltr'><strong>te,</strong></span> <span class='ocrx_word' id='word_1_196' title='bbox 926 2978 1064 3042; x_wconf 84' lang='lat' dir='ltr'><strong>Cornelia</strong></span> <span class='ocrx_word' id='word_1_197' title='bbox 1087 2992 1178 3042; x_wconf 90' lang='lat' dir='ltr'><strong>mater</strong></span> 
     </span>
    </p>

    <p class='ocr_par' dir='ltr' id='par_1_30' title="bbox 434 3064 1211 3144">
     <span class='ocr_line' id='line_1_31' title="bbox 434 3064 1211 3144; baseline -0.001 -18"><span class='ocrx_word' id='word_1_198' title='bbox 434 3064 648 3140; x_wconf 80' lang='lat' dir='ltr'><strong>Gracchorum,</strong></span> <span class='ocrx_word' id='word_1_199' title='bbox 675 3066 699 3124; x_wconf 91' lang='lat' dir='ltr'><strong>si</strong></span> <span class='ocrx_word' id='word_1_200' title='bbox 726 3084 788 3125; x_wconf 92' lang='lat' dir='ltr'><strong>cum</strong></span> <span class='ocrx_word' id='word_1_201' title='bbox 812 3067 923 3144; x_wconf 87' lang='lat' dir='ltr'><strong>magnis</strong></span> <span class='ocrx_word' id='word_1_202' title='bbox 947 3066 1100 3126; x_wconf 87' lang='lat' dir='ltr'><strong>virtutibus</strong></span> <span class='ocrx_word' id='word_1_203' title='bbox 1124 3067 1211 3127; x_wconf 87' lang='lat' dir='ltr'><strong>allers</strong></span> 
     </span>
    </p>

    <p class='ocr_par' dir='ltr' id='par_1_31' title="bbox 434 3148 1298 3231">
     <span class='ocr_line' id='line_1_32' title="bbox 434 3148 1298 3231; baseline 0.001 -22"><span class='ocrx_word' id='word_1_204' title='bbox 434 3148 548 3210; x_wconf 83' lang='lat' dir='ltr'><strong>Grande</strong></span> <span class='ocrx_word' id='word_1_205' title='bbox 564 3148 754 3228; x_wconf 88' lang='lat' dir='ltr'><strong>supercilium</strong></span> <span class='ocrx_word' id='word_1_206' title='bbox 779 3159 808 3209; x_wconf 89' lang='lat' dir='ltr'><strong>et</strong></span> <span class='ocrx_word' id='word_1_207' title='bbox 829 3169 963 3211; x_wconf 92' lang='lat' dir='ltr'><strong>numeras</strong></span> <span class='ocrx_word' id='word_1_208' title='bbox 987 3153 1013 3209; x_wconf 91' lang='lat' dir='ltr'><strong>in</strong></span> <span class='ocrx_word' id='word_1_209' title='bbox 1036 3151 1105 3210; x_wconf 90' lang='lat' dir='ltr'><strong>dote</strong></span> <span class='ocrx_word' id='word_1_210' title='bbox 1127 3151 1298 3231; x_wconf 90' lang='lat' dir='ltr'><strong>triumphos.</strong></span> 
     </span>
    </p>

    <p class='ocr_par' dir='ltr' id='par_1_32' title="bbox 434 3233 1425 3316">
     <span class='ocr_line' id='line_1_33' title="bbox 434 3233 1425 3316; baseline 0.005 -22"><span class='ocrx_word' id='word_1_211' title='bbox 434 3234 520 3295; x_wconf 88' lang='lat' dir='ltr'><strong>Tolle</strong></span> <span class='ocrx_word' id='word_1_212' title='bbox 538 3244 631 3312; x_wconf 86' lang='lat' dir='ltr'><strong>tuum,</strong></span> <span class='ocrx_word' id='word_1_213' title='bbox 653 3251 776 3312; x_wconf 83' lang='lat' dir='ltr'><strong>precor,</strong></span> <span class='ocrx_word' id='word_1_214' title='bbox 795 3233 984 3296; x_wconf 88' lang='lat' dir='ltr'><strong>Hannibalem</strong></span> <span class='ocrx_word' id='word_1_215' title='bbox 1003 3236 1168 3315; x_wconf 85' lang='lat' dir='ltr'><strong>victumque</strong></span> <span class='ocrx_word' id='word_1_216' title='bbox 1189 3237 1354 3316; x_wconf 79' lang='lat' dir='ltr'><strong>Syphacem</strong></span> <span class='ocrx_word' id='word_1_217' title='bbox 1380 3246 1425 3301; x_wconf 82' lang='lat' dir='ltr'><strong>tio</strong></span> 
     </span>
    </p>

    <p class='ocr_par' dir='ltr' id='par_1_33' title="bbox 433 3318 1167 3399">
     <span class='ocr_line' id='line_1_34' title="bbox 433 3318 1167 3399; baseline 0.004 -20"><span class='ocrx_word' id='word_1_218' title='bbox 433 3318 465 3379; x_wconf 95' lang='lat' dir='ltr'><strong>ln</strong></span> <span class='ocrx_word' id='word_1_219' title='bbox 489 3320 610 3394; x_wconf 85' lang='lat' dir='ltr'><strong>castris,</strong></span> <span class='ocrx_word' id='word_1_220' title='bbox 635 3329 665 3379; x_wconf 86' lang='lat' dir='ltr'><strong>et</strong></span> <span class='ocrx_word' id='word_1_221' title='bbox 689 3338 753 3379; x_wconf 92' lang='lat' dir='ltr'><strong>cum</strong></span> <span class='ocrx_word' id='word_1_222' title='bbox 776 3329 836 3380; x_wconf 90' lang='lat' dir='ltr'><strong>tota</strong></span> <span class='ocrx_word' id='word_1_223' title='bbox 859 3318 1036 3398; x_wconf 81' lang='lat' dir='ltr'><strong>Carthagine</strong></span> <span class='ocrx_word' id='word_1_224' title='bbox 1061 3322 1167 3399; x_wconf 88' lang='lat' dir='ltr'><strong>migra!</strong></span> 
     </span>
    </p>

    <p class='ocr_par' dir='ltr' id='par_1_34' title="bbox 435 3403 1298 3486">
     <span class='ocr_line' id='line_1_35' title="bbox 435 3403 1298 3486; baseline 0.005 -21"><span class='ocrx_word' id='word_1_225' title='bbox 435 3403 542 3477; x_wconf 80' lang='lat' dir='ltr'><strong>Parce,</strong></span> <span class='ocrx_word' id='word_1_226' title='bbox 566 3421 691 3483; x_wconf 86' lang='lat' dir='ltr'><strong>precor,</strong></span> <span class='ocrx_word' id='word_1_227' title='bbox 714 3404 825 3481; x_wconf 85' lang='lat' dir='ltr'><strong>Paean,</strong></span> <span class='ocrx_word' id='word_1_228' title='bbox 851 3414 881 3465; x_wconf 90' lang='lat' dir='ltr'><strong>et</strong></span> <span class='ocrx_word' id='word_1_229' title='bbox 903 3414 947 3479; x_wconf 67' lang='lat' dir='ltr'><strong>tu,</strong></span> <span class='ocrx_word' id='word_1_230' title='bbox 972 3406 1043 3481; x_wconf 85' lang='lat' dir='ltr'><strong>dea,</strong></span> <span class='ocrx_word' id='word_1_231' title='bbox 1066 3424 1142 3486; x_wconf 89' lang='lat' dir='ltr'><strong>pone</strong></span> <span class='ocrx_word' id='word_1_232' title='bbox 1161 3407 1298 3484; x_wconf 86' lang='lat' dir='ltr'><strong>sagittas:</strong></span> 
     </span>
    </p>

    <p class='ocr_par' dir='ltr' id='par_1_35' title="bbox 436 3482 1167 3569">
     <span class='ocr_line' id='line_1_36' title="bbox 436 3482 1167 3569; baseline 0.005 -21"><span class='ocrx_word' id='word_1_233' title='bbox 436 3482 480 3548; x_wconf 85' lang='lat' dir='ltr'><strong>Nil</strong></span> <span class='ocrx_word' id='word_1_234' title='bbox 503 3490 587 3567; x_wconf 87' lang='lat' dir='ltr'><strong>pueri</strong></span> <span class='ocrx_word' id='word_1_235' title='bbox 611 3489 733 3564; x_wconf 86' lang='lat' dir='ltr'><strong>iaciunt,</strong></span> <span class='ocrx_word' id='word_1_236' title='bbox 759 3492 849 3568; x_wconf 89' lang='lat' dir='ltr'><strong>ipsam</strong></span> <span class='ocrx_word' id='word_1_237' title='bbox 873 3491 1010 3569; x_wconf 87' lang='lat' dir='ltr'><strong>conligite</strong></span> <span class='ocrx_word' id='word_1_238' title='bbox 1032 3491 1167 3552; x_wconf 85' lang='lat' dir='ltr'><strong>matrem!</strong></span> 
     </span>
    </p>

    <p class='ocr_par' dir='ltr' id='par_1_36' title="bbox 437 3571 1216 3651">
     <span class='ocr_line' id='line_1_37' title="bbox 437 3571 1216 3651; baseline 0.001 -19"><span class='ocrx_word' id='word_1_239' title='bbox 437 3571 579 3651; x_wconf 78' lang='lat' dir='ltr'><strong>Amphion</strong></span> <span class='ocrx_word' id='word_1_240' title='bbox 603 3574 723 3634; x_wconf 86' lang='lat' dir='ltr'><strong>clamat:</strong></span> <span class='ocrx_word' id='word_1_241' title='bbox 748 3574 801 3634; x_wconf 88' lang='lat' dir='ltr'><strong>sed</strong></span> <span class='ocrx_word' id='word_1_242' title='bbox 825 3574 920 3634; x_wconf 87' lang='lat' dir='ltr'><strong>Paean</strong></span> <span class='ocrx_word' id='word_1_243' title='bbox 944 3575 1087 3636; x_wconf 89' lang='lat' dir='ltr'><strong>contrahit</strong></span> <span class='ocrx_word' id='word_1_244' title='bbox 1110 3593 1216 3637; x_wconf 89' lang='lat' dir='ltr'><strong>arcum.</strong></span> 
     </span>
    </p>
   </div>
   <div class='ocr_carea' id='block_1_3' title="bbox 437 3657 1426 3820">
    <p class='ocr_par' dir='ltr' id='par_1_37' title="bbox 437 3657 1426 3820">
     <span class='ocr_line' id='line_1_38' title="bbox 437 3657 1426 3739; baseline 0.004 -22"><span class='ocrx_word' id='word_1_245' title='bbox 437 3657 546 3717; x_wconf 86' lang='lat' dir='ltr'><strong>Extulit</strong></span> <span class='ocrx_word' id='word_1_246' title='bbox 571 3676 644 3736; x_wconf 88' lang='lat' dir='ltr'><strong>ergo</strong></span> <span class='ocrx_word' id='word_1_247' title='bbox 667 3678 779 3738; x_wconf 85' lang='lat' dir='ltr'><strong>greges</strong></span> <span class='ocrx_word' id='word_1_248' title='bbox 801 3669 929 3719; x_wconf 88' lang='lat' dir='ltr'><strong>natorum</strong></span> <span class='ocrx_word' id='word_1_249' title='bbox 953 3662 1105 3739; x_wconf 86' lang='lat' dir='ltr'><strong>ipsumque</strong></span> <span class='ocrx_word' id='word_1_250' title='bbox 1127 3670 1288 3738; x_wconf 88' lang='lat' dir='ltr'><strong>parentem,</strong></span> <span class='ocrx_word' id='word_1_251' title='bbox 1376 3668 1426 3724; x_wconf 82' lang='lat' dir='ltr'><strong>tto</strong></span> 
     </span>
     <span class='ocr_line' id='line_1_39' title="bbox 437 3742 1135 3820; baseline 0.003 -18"><span class='ocrx_word' id='word_1_252' title='bbox 437 3742 508 3804; x_wconf 84' lang='lat' dir='ltr'><strong>Dum</strong></span> <span class='ocrx_word' id='word_1_253' title='bbox 533 3742 588 3805; x_wconf 89' lang='lat' dir='ltr'><strong>sibi</strong></span> <span class='ocrx_word' id='word_1_254' title='bbox 613 3742 739 3808; x_wconf 88' lang='lat' dir='ltr'><strong>nobilior</strong></span> <span class='ocrx_word' id='word_1_255' title='bbox 762 3743 888 3808; x_wconf 77' lang='lat' dir='ltr'><strong>latonae</strong></span> <span class='ocrx_word' id='word_1_256' title='bbox 911 3755 999 3820; x_wconf 80' lang='lat' dir='ltr'><strong>gente</strong></span> <span class='ocrx_word' id='word_1_257' title='bbox 1023 3745 1135 3811; x_wconf 86' lang='lat' dir='ltr'><strong>videtur</strong></span> 
     </span>
    </p>
   </div>
   <div class='ocr_carea' id='block_1_4' title="bbox 0 0 1731 4575">
    <p class='ocr_par' dir='ltr' id='par_1_38' title="bbox 0 0 1731 4575">
     <span class='ocr_line' id='line_1_40' title="bbox 0 0 1731 4575; baseline 0 0"><span class='ocrx_word' id='word_1_258' title='bbox 0 0 1731 4575; x_wconf 95' lang='lat' dir='ltr'><strong> </strong></span> 
     </span>
    </p>
   </div>
  </div>
 </body>
</html>
