3434 4575
538 450 968 514 numerumnuonmu.
984 451 1062 514 vm.
1260 451 1324 539 ιιι

253 630 258 640 ’·
311 644 313 648 -
337 605 480 680 50urre,
502 621 574 681 age,
597 608 631 661 et
645 600 753 662 illotos
768 620 898 679 revoca,
921 599 1067 680 Calliste,
1090 603 1265 679 ministros3

403 687 590 748 Sternantur
603 684 697 746 lecti:
720 684 918 762 Caeciliana,
940 684 1025 744 rede.

362 769 489 832 Caldam
503 771 607 851 poscIs
622 789 747 848 aquam;
767 767 904 829 nondum
916 770 992 828 mihi
1005 768 1121 848 frigida
1135 772 1236 847 venit3

402 854 498 933 Alget
511 853 611 914 adhuc
624 852 707 913 nudo
723 851 809 913 clusa
824 851 926 913 culina
940 853 1019 913 foco.

362 939 457 1000 Mane
472 939 542 998 veni
556 939 676 1018 potius;
697 956 767 997 narn
782 957 837 997 our
852 945 884 997 te
900 938 1007 1015 quinta
1021 937 1182 997 moretur?

316 1035 352 1086 lo
402 1023 444 1083 Ut
457 1023 574 1100 lantes,
597 1040 685 1099 sero,
708 1020 899 1098 caeciliane,
920 1022 1016 1081 venia.

733 1152 858 1215 LXVIII

363 1269 423 1345 Qui
439 1266 607 1346 Corcyraei
620 1264 698 1326 vidit
712 1266 849 1346 pomaria
864 1269 965 1345 regis,

404 1350 484 1429 Rus,
506 1347 651 1428 Entella,
674 1355 746 1410 tuae
760 1350 923 1430 praeferet
937 1348 993 1409 lile
1010 1349 1127 1412 domus.

361 1434 466 1495 Invida
481 1452 656 1514 purpureos
668 1441 738 1494 urat
752 1453 792 1493 ne
805 1435 915 1494 bruma
930 1453 1069 1495 racemos

355 1531 358 1534 ’
402 1520 444 1579 Et
459 1517 595 1597 gelidum
609 1518 723 1579 Bacchi
739 1537 866 1578 munera
879 1519 978 1597 frigus
991 1517 1080 1598 edat,

339 1601 497 1664 tcondita
511 1603 675 1683 perspicua
689 1603 764 1662 vivit
780 1600 934 1663 vindemia
947 1621 1066 1682 gemma

403 1688 445 1746 Et
458 1687 576 1765 tegitur
593 1684 687 1763 felir,
710 1703 769 1746 neo
785 1692 889 1745 tamen
903 1706 960 1746 uva
973 1685 1062 1747 latet.
1185 1684 1188 1691 '

359 1771 542 1831 Femineum
554 1768 641 1828 lucet
654 1769 699 1828 sio
712 1788 770 1848 per
783 1770 967 1848 bombycina
982 1789 1110 1850 corpus,

406 1852 552 1914 Calculus
565 1854 599 1911 in
613 1849 712 1911 nitida
727 1853 771 1911 sic
790 1858 970 1913 numeratur
985 1873 1071 1932 aqua.

362 1936 442 2015 Quid
457 1955 520 1996 non
533 1937 658 2015 ingenio
672 1932 771 1994 voluit
784 1941 895 1995 natura
906 1936 1029 1997 licere?

318 2032 354 2084 10
402 2022 608 2082 Auctumuum
624 2017 743 2080 sterilis
758 2020 844 2079 ferre
859 2020 986 2081 iubetur
1000 2022 1108 2082 hiems.

747 2154 854 2215 LXIX.

329 2301 331 2303 ·
361 2268 489 2330 Miraris
505 2272 646 2344 veteres,
668 2266 821 2345 Vacerra,
843 2265 945 2347 solos,

361 2351 427 2412 Nec
439 2351 545 2412 laudas
560 2352 619 2410 nisi
635 2356 773 2411 mortuos
787 2357 906 2430 poetas.

362 2436 664 2515 lguoscarpetimus,
685 2434 836 2496 Vacerra:
857 2437 937 2495 tanti

362 2518 432 2578 Non
447 2525 512 2596 est,
531 2524 566 2578 ut
578 2515 717 2597 placeam
731 2518 806 2594 tibi,
827 2519 942 2596 perire.

755 2663 848 2726 Lxx.

365 2778 485 2854 Quanta
499 2779 586 2857 quies
601 2777 733 2858 placidi,
754 2783 840 2837 tanta
854 2783 904 2836 est
917 2774 1059 2838 facundia
1073 2776 1210 2857 Nervae,

406 2859 469 2920 Sed
484 2863 611 2922 cohibet
624 2863 708 2922 vires
720 2862 939 2940 Ingeniumque
954 2859 1063 2941 pudor.

364 2945 439 3005 Cum
456 2947 573 3006 siccare
588 2965 705 3005 sacram
718 2943 804 3023 largo
818 2944 1016 3005 Permessida
1031 2951 1138 3028 posset

406 3029 485 3107 Ore,
507 3030 713 3090 verecundam
728 3027 835 3089 maluit
849 3033 920 3090 esse
935 3031 1035 3109 sitim,

341 3113 498 3176 5Pieriam
512 3115 600 3175 tenui
615 3115 752 3174 frontem
765 3112 915 3175 redimire
930 3135 1044 3175 corona

406 3199 594 3276 Contentus,
616 3200 715 3259 lamae
731 3217 790 3259 nec
806 3197 964 3262 darevela
979 3218 1062 3261 auae.

364 3280 426 3342 Sed
442 3288 545 3341 tamen
558 3285 641 3343 huno
654 3285 755 3344 nostri
769 3285 829 3344 scit
842 3284 993 3363 temporis
1010 3300 1079 3341 erre
1095 3278 1276 3359 Tibullum,

407 3364 549 3424 Carmina
564 3368 616 3444 qui
632 3365 716 3427 docti
730 3373 803 3427 nota
817 3368 949 3427 Neronis
964 3365 1067 3427 habet.

750 3501 854 3561 LXXI.

366 3612 518 3685 Quattuor
534 3612 656 3690 argenti
667 3610 765 3673 libras
780 3613 856 3673 mihi
870 3619 1012 3692 tempore
1029 3613 1156 3673 brumae

407 3694 524 3755 Misisti
538 3702 610 3755 ante
626 3715 737 3778 anuos,
758 3697 973 3775 Postumiana,
996 3695 1112 3757 decem.

363 3780 473 3842 Manu.
1081 3778 1120 3841 13
