3434 4575
428 466 471 530 36
752 468 797 533 Μ.
813 470 905 534 VAL.
922 472 1150 539 ornandus

512 620 607 679 Paret
621 621 787 700 purpureis
802 640 877 700 aper
893 624 1052 702 capistris3

513 703 638 783 Turpes
653 702 763 764 esseda
780 704 863 784 quod
877 707 1005 767 trahunt
1018 709 1158 770 bisontes

511 786 554 848 Et
568 786 679 848 molles
694 787 769 849 dare
784 790 868 849 iussa
883 789 966 869 quod
981 792 1111 852 choreas

470 871 607 950 10Nigro
620 871 714 932 belua
728 892 790 933 non
804 879 897 952 negat
912 875 1076 954 magistro:

513 957 588 1033 Quis
603 955 779 1037 spectacula
792 975 855 1017 non
869 964 960 1037 putet
975 958 1126 1021 deorumi

511 1039 599 1100 Haeo
614 1042 727 1101 transit
740 1047 858 1119 tamen,
880 1047 916 1100 ut
928 1043 1064 1122 minora,
1087 1043 1226 1125 quisquis

510 1123 650 1186 Venatus
662 1123 795 1185 humiles
811 1124 897 1185 videt
910 1123 1055 1205 leonum,

512 1208 596 1284 Quos
609 1208 700 1270 velox
713 1209 856 1290 leporum
870 1210 964 1270 timor
978 1211 1096 1291 fatigat.

470 1293 694 1372 15Dimittunt,
715 1300 865 1373 repetunt
884 1300 1046 1373 amantque
1062 1303 1168 1379 captos

510 1377 553 1438 nt
567 1378 708 1437 securior
724 1383 773 1437 est
786 1379 819 1436 in
835 1396 891 1437 ore
905 1378 1039 1458 praeda,

511 1460 611 1520 Laxos
628 1461 676 1520 cui
691 1458 767 1521 dare
781 1462 969 1540 perviosque
983 1463 1080 1523 rictus

513 1542 657 1604 Gaudent
671 1549 704 1604 et
718 1542 843 1618 timidos
858 1550 970 1606 tenere
986 1544 1114 1633 dentes,

511 1625 643 1689 Mollem
657 1627 803 1707 frangere
820 1628 892 1689 dum
906 1629 1004 1709 pudet
1022 1633 1177 1712 rapinam,

467 1710 621 1774 nostratis
636 1731 704 1772 curn
717 1712 808 1773 modo
822 1715 966 1774 venerint
979 1716 1126 1777 iuvencis.

510 1796 596 1856 Haec
614 1795 779 1857 clementia
792 1816 855 1857 non
869 1805 997 1880 paratur
1012 1805 1094 1877 arte,

511 1878 574 1940 Sed
589 1887 704 1942 norunt
723 1885 773 1943 oui
787 1884 923 1944 serviant
936 1880 1056 1945 leones,

916 2016 980 2079 GV.

511 2127 546 2186 ln
562 2127 780 2205 Nomentanis,
802 2125 908 2205 Ovidi,
931 2125 1014 2205 quod
1028 2129 1165 2187 nascitur
1180 2128 1270 2210 arvis,

552 2212 683 2292 Accepit
697 2211 841 2291 quotiens
857 2217 999 2292 tempora
1012 2209 1104 2290 longa
1118 2231 1252 2293 merum,

508 2295 602 2357 Exuit
616 2314 730 2355 annosa
744 2314 846 2356 mores
861 2314 1035 2375 nomenque
1050 2303 1177 2357 senecta

550 2379 592 2441 nt
608 2375 759 2458 quidquid
771 2378 888 2459 voluit,
909 2385 990 2440 testa
1004 2387 1131 2442 vocatur
1146 2401 1230 2443 anus,

907 2514 985 2578 cvl.

507 2624 682 2705 interponis
698 2643 805 2703 aquam
820 2624 968 2705 subinde,
989 2624 1089 2705 Rufe,

507 2706 591 2768 Etsi
607 2708 729 2787 cogeris
745 2729 762 2768 a
777 2707 899 2789 sodale,
922 2730 1022 2770 raram

506 2788 604 2851 Diluti
620 2793 701 2852 bibis
714 2793 834 2853 unciam
846 2793 985 2860 Falerni.

506 2871 662 2953 Numquid
678 2874 818 2955 pollicita
833 2884 882 2937 est
895 2879 954 2939 tibi
970 2879 1091 2937 beatam

487 2957 640 3019 5Noctem
653 2958 767 3020 Naevia
783 2961 964 3040 sobriasque
978 2960 1072 3020 mavis

507 3041 621 3102 Certae
634 3044 789 3122 nequitias
804 3042 990 3104 fututionisi

506 3125 665 3206 Suspirss,
686 3127 819 3206 retices,
838 3127 950 3206 gemis:
972 3127 1105 3204 negavit.

507 3211 644 3271 crebros
660 3228 735 3289 crgo
750 3207 826 3270 licet
839 3211 927 3272 bibas
941 3211 1075 3270 trientes

506 3293 548 3356 Et
563 3292 673 3355 durum
686 3292 807 3374 iugules
821 3312 907 3354 mero
924 3290 1073 3354 dolorem.

464 3386 500 3439 10
507 3377 588 3454 Quid
603 3380 706 3462 parcis
724 3379 800 3459 tibi,
821 3376 926 3440 Rufe?
949 3373 1162 3436 dormiendum
1178 3380 1236 3437 est.

901 3509 993 3572 chl.

507 3621 607 3705 Saepe
622 3625 698 3685 mihi
713 3622 809 3699 diois,
827 3620 905 3682 Luci
924 3621 1082 3681 carissime
1098 3619 1174 3699 luli,

547 3706 679 3785 „Scribe
699 3703 816 3785 aliquid
829 3723 986 3784 magnum:
1007 3702 1181 3764 desidiosus
1195 3703 1286 3763 homo
1304 3702 1374 3765 es.“
