3434 4575
568 452 909 516 nelenAMMA'ron
922 454 1043 517 LIBER
1057 455 1105 516 111.
1319 456 1358 521 71

442 608 572 668 Putidus
587 614 652 685 est,
673 610 789 668 totiens
805 609 831 667 si
848 608 923 667 mihi
937 607 1027 687 punis
1042 626 1159 688 aprum.

400 692 490 768 Quod
505 694 530 752 si
546 711 608 751 non
623 694 773 751 scombris
788 689 942 751 scelerate
956 700 1099 771 poemata
1113 690 1225 772 donus,

357 787 391 840 10
440 776 574 837 Genubis
593 774 676 835 solus
691 777 768 854 iem,
789 775 954 854 Ligurine,
977 772 1069 835 domi.

811 923 859 984 Ll.

399 1049 476 1109 Cum
487 1049 603 1125 facicm
615 1048 723 1128 leudo,
739 1069 808 1109 cnm
821 1050 919 1108 miror
934 1068 1024 1108 crura
1037 1067 1223 1128 munusque,

441 1133 571 1211 Dicere,
589 1132 695 1211 Gallu,
716 1131 800 1192 soles
814 1131 924 1210 „Nuds
939 1131 1068 1212 placebo
1083 1134 1211 1212 magis,“

397 1218 439 1276 nt
454 1235 578 1297 semper
592 1218 669 1276 vitas
686 1218 858 1277 communis
872 1217 981 1278 balnea
995 1217 1093 1277 nobis.

439 1299 612 1379 Numquid,
634 1299 738 1378 Gella,
760 1302 868 1378 times,
890 1319 930 1360 nc
945 1301 1004 1360 tibi
1017 1318 1080 1359 non
1092 1300 1252 1380 placeam?

768 1484 771 1491 ,
805 1449 868 1509 Lll.

396 1575 508 1654 Empta
526 1575 633 1635 domus
646 1575 751 1635 fuerat
763 1578 838 1655 tibi,
861 1574 1065 1656 Tongiliune,
1087 1576 1215 1636 ducenis

439 1659 576 1719 Abstulit
591 1661 670 1719 hunc
684 1661 810 1719 nimium
827 1679 921 1720 casus*
929 1662 962 1720 in
978 1662 1055 1721 urbe
1070 1660 1229 1739 frequens.

398 1741 552 1802 Collatum
567 1749 616 1802 est
630 1743 766 1804 deciens.
795 1744 899 1821 Rogo,
921 1762 984 1803 non
997 1750 1089 1826 potes
1102 1746 1170 1824 ipse
1185 1745 1298 1805 videri

439 1826 618 1886 Incendisse
634 1834 733 1904 tuam,
756 1825 957 1904 Tongiliane,
981 1826 1127 1888 domum?

800 1973 875 2037 LIII.

396 2099 438 2159 nt
449 2097 536 2159 voltu
548 2107 690 2180 poteram
703 2107 756 2161 tue
775 2118 883 2161 curere

396 2183 439 2243 Et
453 2181 536 2242 eollo
551 2185 752 2263 manibusque
767 2186 971 2265 cruribusque

396 2266 439 2327 nt
452 2269 589 2328 mammis
605 2268 789 2347 nutibusque
803 2267 1024 2351 clunibusque,

396 2352 454 2429 nt,
473 2370 513 2411 ne
529 2350 650 2431 singula
663 2354 812 2433 persequi
826 2352 984 2433 laborem,

373 2434 479 2496 5'l'ote
495 2442 527 2495 te
540 2444 698 2518 poteram,
721 2436 836 2515 chloe,
859 2456 978 2500 carere.

794 2588 872 2650 LIV.

397 2711 563 2790 Cumldsre
581 2732 643 2773 non
656 2716 772 2795 possim
788 2712 871 2792 quod
886 2715 1004 2793 poscis,
1027 2711 1133 2791 (lulla,
1153 2719 1330 2793 rogantem,

438 2793 542 2857 Multo
556 2796 744 2877 simplicius,
766 2796 887 2875 Galle„
896 2814 1011 2876 negare
1025 2802 1126 2878 potes.

795 2945 860 3008 LV.

396 3071 485 3147 Quod
501 3091 681 3152 quacunque
695 3075 797 3151 venis,
821 3073 966 3133 Cosmum
982 3073 1116 3152 migrare
1130 3077 1272 3154 putemus

438 3156 479 3215 nt
490 3157 590 3217 fluere
605 3176 733 3218 excusso
749 3159 889 3217 cinnama
902 3158 971 3216 fuss
986 3158 1085 3235 vitro,

395 3236 474 3299 Nolo
488 3242 664 3320 peregrinis
678 3240 803 3322 plscess
818 3243 893 3319 tibi,
916 3239 1036 3319 Gellia,
1059 3241 1157 3319 nugis.

437 3322 522 3403 Scis,
535 3331 636 3407 puto,
658 3343 750 3406 posse
767 3344 869 3385 meum
884 3326 928 3385 sic
943 3326 1030 3386 bene,
1040 3323 1126 3385 olere
1141 3341 1256 3383 cenem.

794 3474 872 3536 LVI.

394 3599 443 3659 Sit
455 3601 590 3661 cisterna
603 3602 696 3681 mihi,
720 3622 809 3681 quam
823 3603 928 3681 vines,
950 3600 1030 3662 mulo
1046 3601 1225 3680 Ravennae,

435 3683 513 3746 Cum
530 3687 646 3767 possim
660 3684 757 3747 multo
772 3684 909 3747 vendere
924 3684 1024 3769 pluris
1039 3705 1157 3767 equum.
