3434 4575
337 468 400 535 220
604 482 607 487 ’
663 465 709 528 Μ.
721 463 814 528 VAL.
827 464 1053 528 MARTIALIS

793 667 927 728 LXXXI.

420 783 535 843 Lector
550 786 583 841 et
598 778 720 840 auditor
732 786 856 841 nostros
871 780 999 858 probat,
1021 779 1117 859 Aule,
1140 781 1292 866 libellos,

462 863 526 926 Sed
542 863 664 943 quidam
680 868 803 924 exactos
821 882 891 923 esse
905 869 998 942 poeta
1010 871 1113 942 negat.

419 951 488 1012 Non
504 949 630 1008 nimium
645 967 736 1007 euro:
754 967 824 1007 nam
839 966 935 1007 cenae
949 946 1068 1008 fercula
1083 956 1213 1012 nostrae

461 1031 570 1095 Malim
585 1031 719 1093 convivis
734 1050 823 1109 quam
836 1029 991 1110 placuisse
1006 1033 1098 1094 eoeis.

785 1164 933 1226 LXXXII.

421 1282 548 1341 Dixerat
563 1275 736 1355 astrologus
750 1279 923 1356 perIturum
938 1283 970 1337 te
986 1278 1064 1356 cito,
1086 1278 1225 1360 Munna,

460 1364 542 1441 Nec,
564 1368 658 1442 puto,
679 1362 826 1421 mentitus
843 1360 964 1421 dixerat
976 1360 1031 1422 ille
1046 1363 1113 1422 tibi.

405 1450 497 1509 Nam
512 1454 547 1507 tu
562 1446 633 1504 dom
648 1446 779 1523 metuis,
799 1463 840 1504 ne
855 1443 931 1524 quid
944 1451 1017 1526 post
1030 1445 1093 1505 iata
1109 1445 1295 1531 reIInquas‚

461 1531 600 1591 Hausisti
615 1528 731 1607 patrias
745 1526 923 1589 luxuriosus
938 1548 1030 1609 opes,

400 1617 537 1694 5Bisque
551 1619 637 1672 tuum
656 1612 781 1672 decIens
796 1632 858 1673 non
873 1618 939 1672 toto
958 1613 1057 1673 tabuit
1075 1633 1172 1674 anno:

462 1700 520 1759 Die
538 1698 629 1776 mihi,
646 1716 708 1757 non
723 1698 782 1757 hoe
797 1707 862 1774 est,
884 1697 1018 1776 Munna,
1037 1699 1147 1778 perire
1163 1699 1254 1764 cito?

773 1829 935 1895 LXXXIII.

420 1946 505 2006 Inter
518 1951 603 2006 tanta
617 1952 688 2006 tuae
703 1943 865 2021 miracula,
888 1945 1019 2022 Caesar,
1040 1945 1196 2026 harenae,

462 2031 546 2108 Quae
560 2031 656 2090 vincit
671 2035 811 2090 veterum
825 2047 953 2088 munera
967 2026 1051 2088 clara
1070 2027 1202 2109 dueum,

418 2113 553 2175 Multum
569 2112 667 2190 oculi,
689 2111 745 2173 sed
758 2111 827 2193 plus
843 2130 933 2172 aures
949 2111 1065 2172 debere
1079 2113 1225 2175 fatentur

462 2199 503 2259 Se
518 2198 593 2275 tibi,
617 2195 699 2276 quod
715 2202 857 2275 spectant
872 2197 923 2274 qui
938 2197 1073 2256 recitare
1088 2194 1204 2258 solent.

768 2329 932 2392 LXXXIV.

419 2446 496 2505 Cum
510 2449 563 2504 tua
578 2440 747 2521 sacriIegos
762 2447 887 2521 eontra,
907 2442 1069 2519 Norbano,
1090 2442 1221 2505 furores

464 2528 571 2587 Staret
583 2546 641 2607 pro
658 2525 781 2586 domiuo
797 2527 931 2586 caesare
946 2530 1050 2585 sancta
1064 2525 1165 2605 fides,

419 2614 506 2672 Haec
521 2630 579 2691 ego
594 2611 698 2670 Pieria
712 2609 857 2670 ludebam
871 2615 956 2669 totus
970 2610 1002 2669 in
1018 2610 1143 2687 umbra,

463 2694 521 2757 Ille
536 2703 608 2756 tuae
622 2692 724 2755 eultor
738 2699 830 2753 notus
846 2694 1008 2753 amicitiae.

397 2782 476 2842 oMe
491 2782 549 2840 tibi
564 2777 736 2842 Vindelicis
747 2778 863 2838 Raetus
877 2779 1023 2837 narrabat
1037 2778 1070 2836 iu
1088 2778 1171 2857 oris,
1236 2776 1241 2783 ’

459 2864 570 2925 Nescia
584 2882 642 2923 nec
656 2863 755 2922 nostri
770 2862 903 2921 nominis
918 2860 1029 2921 Arctos
1047 2867 1126 2924 erat.

418 2949 445 3009 0
462 2950 606 3026 quotiens
619 2953 759 3007 veterem
772 2965 834 3005 non
848 2945 1002 3005 Inficiatus
1018 2944 1149 3005 amicum

460 3032 571 3091 Dixisti
585 3031 700 3109 „Meus
715 3035 765 3090 est
778 3031 840 3089 iste
852 3034 962 3109 poeta,
982 3028 1107 3087 meus!“

417 3116 517 3176 Omne
531 3116 590 3176 tibi
604 3119 744 3174 nostrum
750 3111 843 3191 quod
856 3114 905 3173 bis
919 3110 1085 3173 trieteride
1098 3113 1210 3177 iuncta

376 3211 409 3261 10
455 3201 539 3260 Ante
554 3199 646 3261 dabat
659 3195 778 3275 lector,
800 3215 882 3257 nunc
898 3195 984 3256 dabit
999 3201 1107 3256 auctor
1122 3217 1214 3279 opus.

781 3330 932 3393 LXXXV.

414 3444 603 3523 Languidior
617 3450 725 3505 noster
739 3445 766 3504 si
780 3442 902 3523 qnando
918 3448 967 3503 est
981 3440 1112 3521 Paulos,
1134 3443 1234 3526 Atili,

458 3528 526 3588 Non
544 3548 594 3608 se,
616 3529 756 3590 convivas
773 3528 909 3588 abstinet
923 3525 978 3587 Ille
993 3545 1074 3589 suos.

416 3610 466 3670 Tu
479 3609 628 3691 languore
643 3611 767 3693 quidem
782 3612 883 3671 subito
899 3610 1034 3689 fictoque
1047 3608 1194 3693 laboras,

458 3694 522 3755 Sed
536 3716 604 3758 mea
617 3696 759 3778 porrexit
773 3694 929 3776 sportula,
951 3692 1064 3772 Paule,
1080 3693 1195 3774 pedes.
