3434 4575
392 436 454 487 vm
778 436 987 486 munerario.

388 585 424 640 ris
433 584 636 653 locupletissimus
646 594 731 639 auctor
740 585 799 639 satis
809 587 886 648 cavit,
899 593 926 639 ut
936 584 1035 638 exilium
1046 591 1132 653 poetae
1142 598 1156 637 a
1167 583 1252 638 mortis
1261 592 1370 654 tempore

387 669 557 738 seiungamust
574 683 645 740 quem
663 668 727 739 quod
744 668 784 723 ille
799 671 881 723 statim
892 676 948 739 post
959 676 1072 738 acceptus
1087 667 1212 722 codicillos
1221 666 1301 722 animo
1313 682 1370 723 cou-

387 761 519 807 sternatum
529 768 560 806 ex
571 752 721 824 aegritudine
732 753 821 808 obiisse
831 754 918 812 iactat.
935 769 966 807 ne
979 753 999 806 si
1010 752 1137 808 Traianum
1148 753 1245 824 quidem
1255 752 1369 805 retinere

387 852 456 901 mus,
469 837 524 892 lerri
537 846 631 907 posset.
649 838 703 908 quia
715 837 849 915 lrrrenalem
868 838 896 891 ad
908 837 1053 892 Hadrianum
1069 852 1145 907 nsque
1162 837 1250 891 vixisse
1266 844 1369 902 constat,

388 922 474 977 nedum
488 922 510 976 si
520 921 697 984 llomitiaunm,
715 938 763 993 qno
780 930 876 977 mortuo
892 922 1027 992 inpatriam
1048 935 1169 976 reversum
1187 936 1240 975 esse
1255 921 1293 974 rel
1310 920 1369 990 lapis

387 1005 427 1062 ille
442 1006 537 1077 arguit:
559 1007 624 1077 atqui
641 1021 672 1061 ne
683 1007 729 1061 hoc
746 1007 842 1077 quidem
861 1022 946 1062 omnes
962 1006 1121 1061 communiter
1138 1006 1246 1071 tradunt,
1263 1005 1306 1060 sed
1325 1006 1369 1059 etsi

386 1096 479 1146 mature
500 1091 562 1160 apud
576 1091 749 1162 grammaticos
765 1106 793 1146 ea
810 1091 892 1162 opinio
913 1090 1041 1146 invaluisse
1058 1090 1164 1157 videtur,
1186 1097 1213 1144 nt
1233 1090 1304 1143 exilio
1321 1105 1369 1143 uon

386 1175 427 1231 diu
442 1183 565 1244 superstes
582 1176 655 1230 luisse
665 1177 817 1239 crederetur.
835 1192 898 1231 unus
914 1183 995 1230 tamen
1005 1175 1084 1244 ipsum
1096 1174 1194 1229 exilium
1207 1191 1219 1227 a
1231 1173 1369 1229 liontitianu

386 1259 416 1314 ad
426 1259 572 1314 Antoninum
583 1275 659 1330 usque
672 1261 810 1326 continuat,
829 1261 890 1314 alter
904 1261 941 1314 vel
961 1268 1135 1330 praematuram
1146 1267 1249 1313 mortem
1265 1274 1321 1313 cum
1331 1273 1369 1312 re·

387 1344 438 1399 litu
453 1343 484 1398 ab
500 1343 573 1399 exilio
584 1345 678 1416 iungit;
695 1361 742 1417 qua
758 1345 782 1399 iu
799 1345 942 1399 confusione
959 1345 1016 1399 ninii
1033 1344 1103 1398 nobis
1114 1343 1266 1414 relinquitur,
1284 1344 1330 1398 nisi
1342 1350 1368 1396 ut

386 1434 464 1483 morte
474 1435 500 1482 et
515 1427 588 1484 exilio
598 1443 696 1498 prorsus
707 1430 770 1483 inter
780 1445 807 1484 se
816 1430 942 1498 disparatis
960 1430 990 1484 de
1000 1435 1102 1499 utroque
1113 1428 1137 1482 id
1148 1442 1292 1498 sequamur,
1304 1428 1368 1499 quod

386 1518 427 1566 aut
437 1520 578 1584 argumenta
595 1527 627 1567 ex
642 1513 721 1568 scbn‘a
740 1515 837 1568 testium
854 1515 1030 1568 existimatione
1048 1513 1148 1582 repetita
1173 1519 1214 1566 aut
1232 1520 1367 1582 temporum

385 1603 457 1651 nome
467 1597 525 1666 ipsis
536 1603 623 1666 poetae
633 1599 711 1653 satiris
723 1599 852 1669 impressae
862 1598 1040 1654 commendent.

470 1681 534 1735 llaec
544 1690 624 1736 autem
641 1697 671 1737 ec
681 1683 763 1753 potius
772 1700 817 1738 nos
829 1684 980 1745 conducunt,
999 1691 1025 1737 ut
1037 1695 1120 1736 omnes
1132 1698 1190 1751 quas
1200 1681 1317 1735 habemus
1329 1695 1366 1732 sa-

385 1768 442 1820 tiras
452 1773 507 1836 post
518 1767 615 1820 exilium
627 1766 724 1822 demum
741 1768 892 1839 reditumque
910 1784 940 1821 ex
953 1767 1073 1822 Britannia
1091 1766 1192 1835 scriptas
1210 1779 1264 1819 esse
1275 1773 1366 1820 certum

385 1852 424 1905 sit.
455 1849 516 1906 Nam
526 1851 668 1906 odmedt'om
681 1853 733 1923 sere
749 1862 847 1908 odolen
863 1868 982 1907 consensu
992 1853 1090 1906 testium
1106 1850 1257 1912 meavit,
1274 1849 1321 1903 hoc
1331 1857 1366 1903 est

384 1935 594 1990 exercitationibus
604 1944 629 1990 et
640 1938 840 1992 ostentationibus
851 1937 977 2000 rhetoricis
989 1951 1087 2006 operam
1104 1935 1182 2000 dedit,
1200 1933 1275 1988 minti
1291 1934 1366 2004 oepit

384 2020 612 2094 ⁰⁰¹⁹&thqu
620 2022 713 2076 suune
722 2039 749 2075 ce
759 2031 800 2076 orit
808 2023 863 2092 som
865 2029 1031 2092 prosperaret,
1043 2020 1103 2073 satis
1110 2019 1222 2074 nimirum
1230 2018 1366 2082 commode,

384 2112 411 2158 nt
420 2103 492 2159 iidem
503 2106 654 2176 grammatici
666 2112 784 2159 testantur
794 2148 800 2166 .
819 2122 831 2158 a
843 2120 869 2158 re
880 2106 990 2160 familiari
1001 2105 1159 2166 constitutus,
1173 2112 1199 2157 ut
1210 2104 1251 2174 qui
1262 2100 1369 2157 dietim

383 2188 505 2260 emptus
515 2190 628 2243 iaceam
636 2189 703 2257 filios
712 2207 746 2243 cn
756 2190 865 2242 domnus
880 2189 914 2242 od
924 2189 1039 2262 eqtteslne
1058 2188 1152 2242 ordinis
1162 2188 1302 2260 dipem
1307 2204 1364 2259 per-

384 2274 501 2336 vertisset:
522 2290 571 2345 quo
591 2274 707 2345 temporis
722 2275 800 2345 spatio
818 2275 890 2329 etiam
907 2290 962 2328 cum
980 2273 1087 2329 Martiale
1102 2273 1285 2328 familiaritatem
1301 2271 1365 2327 illam

384 2360 472 2418 iunxit,
491 2359 560 2413 cuius
577 2358 617 2411 liic
634 2357 791 2414 honorificum
809 2369 833 2413 et
852 2374 928 2428 paene
945 2359 1046 2413 dixerim
1064 2359 1164 2412 nimium
1181 2365 1366 2412 monumentum

384 2441 467 2514 Epigr.
479 2442 528 2497 Vll.
540 2446 575 2498 24
586 2442 695 2514 reliquit:
712 2459 790 2515 neque
801 2444 885 2498 amicis
902 2452 967 2498 certe
976 2444 1138 2514 eloquentiam
1149 2444 1201 2497 eius
1216 2442 1366 2511 displicuisse

382 2527 482 2599 scandi
492 2528 619 2596 appellatio
636 2530 698 2597 apud
710 2529 812 2583 eundern
829 2526 879 2583 Vll.
891 2531 925 2585 91
937 2528 1057 2588 declarat:
1078 2543 1109 2582 ex
1119 2528 1203 2582 eadem
1216 2533 1297 2580 autem
1307 2541 1366 2579 enn-

382 2611 509 2667 suetudine
519 2609 583 2667 haud
592 2611 644 2667 scio
660 2627 690 2667 an
700 2614 805 2684 primunr
822 2614 890 2667 illum
902 2620 1015 2667 conatum
1034 2613 1155 2682 poeticum
1167 2618 1274 2681 repetere
1285 2611 1363 2670 liceat,

382 2712 453 2769 quern
464 2711 539 2767 quum
548 2698 612 2751 ritae
622 2698 752 2768 scriptores
760 2714 861 2769 perenn
871 2698 970 2752 sutiam
981 2697 1116 2767 appellent,
1133 2696 1245 2769 equidem
1255 2697 1365 2765 superins

383 2781 412 2836 ad
423 2780 647 2852 epigrammaticum
659 2796 737 2853 genus
747 2797 861 2838 revocare
872 2782 952 2838 malui.
965 2781 1059 2852 Aliquid
1069 2782 1152 2852 utique
1160 2782 1232 2835 etiam
1244 2780 1365 2851 epigram-

382 2867 440 2919 mati
459 2881 515 2919 cum
527 2867 598 2920 satira
616 2881 746 2922 commune
762 2874 810 2929 eet,
830 2883 876 2921 nec
893 2866 957 2938 quod
971 2865 1085 2921 ilartialls
1095 2866 1126 2922 x.
1138 2868 1173 2921 33
1184 2865 1234 2919 suis
1245 2866 1365 2936 epigram·

382 2950 453 3005 matis
463 2951 613 3021 prepositum
624 2966 678 3005 esse
688 2958 774 3015 iactat,
783 2969 884 3023 poroere
890 2967 1011 3021 perseam,
1023 2950 1102 3005 dicere
1112 2951 1142 3004 de
1152 2950 1225 3011 vitiis.
1238 2949 1363 3003 satirarum

381 3034 485 3105 scriptor
495 3049 508 3089 a
519 3050 546 3089 se
564 3036 666 3091 alienum
683 3037 788 3105 putabit:
805 3038 857 3106 ipso
874 3043 954 3089 tamen
971 3049 1061 3107 genere
1077 3035 1141 3089 aliud
1158 3042 1195 3089 est
1205 3035 1362 3106 epigramma,

332 3171 334 3173 ,
382 3119 486 3191 quodne
502 3119 559 3173 vitia
569 3120 666 3191 quidem
678 3120 746 3175 aliter
756 3136 784 3174 ac
796 3121 880 3175 ludens
891 3120 982 3191 tangit,
1003 3118 1067 3174 aliud
1078 3120 1162 3182 satira,
1182 3134 1243 3190 qnae
1254 3119 1295 3173 ubi
1307 3120 1364 3173 vitia

381 3203 527 3275 insequitur,
544 3218 575 3257 ne
585 3219 698 3275 personas
709 3204 805 3276 quidem
817 3206 919 3259 intactas
930 3204 1063 3274 relinquere
1072 3211 1166 3273 potest:
1182 3219 1253 3275 quam
1265 3203 1294 3256 ad
1307 3218 1364 3258 ncr-

380 3303 444 3342 mam
461 3289 482 3342 si
497 3289 629 3344 versiculos
640 3289 694 3344 illos
710 3305 752 3360 per
763 3304 791 3344 se
800 3290 866 3344 solos
882 3288 1017 3360 exigimus,
1029 3288 1091 3342 haud
1103 3288 1154 3343 scio
1165 3304 1194 3343 an
1205 3288 1273 3343 lusus
1283 3290 1364 3358 potius

283 3389 289 3393 ·
381 3388 452 3442 quam
469 3374 592 3427 censoriae
601 3374 727 3444 gravitatis
737 3380 820 3428 notam
831 3380 934 3445 gerant;
946 3387 993 3426 nec
1003 3373 1066 3443 quod
1078 3372 1177 3427 eosdem
1188 3372 1272 3427 maiori
1283 3384 1363 3442 poste-

381 3457 430 3510 rius
440 3457 527 3511 satirae
538 3457 657 3512 luvenalis
668 3458 779 3520 inseruit,
797 3456 1021 3529 epigrammaticum
1032 3456 1128 3511 illorum
1140 3458 1245 3512 indolem
1263 3458 1363 3519 minuit;

381 3541 455 3596 immo
472 3548 587 3612 quantum
598 3542 709 3612 equidem
724 3543 816 3607 sentin,
830 3543 853 3595 in
871 3541 923 3595 aliis
941 3556 1037 3613 quoque
1054 3541 1181 3596 satirarum
1193 3542 1245 3596 eius
1255 3542 1363 3612 partibus

381 3625 460 3679 lusum
471 3632 497 3678 et
507 3624 697 3697 indignationem
714 3633 763 3681 tam
775 3640 849 3698 aegre
865 3624 1000 3690 discernas,
1018 3634 1046 3680 ut
1066 3625 1186 3681 interdum
1201 3628 1363 3699 epigramma-

381 3715 433 3763 mm
443 3709 524 3779 potius
541 3710 628 3765 seriem
641 3710 694 3765 laxa
710 3710 883 3766 sententiarum
894 3711 1052 3765 continuitate
1068 3711 1176 3765 iunctam
1190 3712 1273 3784 legere
1283 3710 1362 3766 ridea-

382 3794 428 3854 rie;
446 3792 511 3864 quod
522 3793 562 3848 ubi
573 3795 602 3849 ad
619 3802 724 3850 veterem
735 3796 866 3851 iuventutis
876 3793 1075 3850 cousuetudinem
1091 3810 1193 3862 mucce,
1212 3795 1363 3851 doctam
