3434 4575
657 467 701 527 ui.
715 466 808 530 VAL.
826 467 1054 527 naumis

420 622 507 682 Haec
522 623 606 700 iuga,
628 641 718 699 quam
732 620 833 699 Nysae
847 618 946 679 colles
960 618 1030 699 plus
1044 621 1186 680 liaechus
1200 623 1319 701 amarit,

462 706 531 765 lloc
546 723 646 784 nuper
663 704 768 782 Satyri
782 709 887 763 moute
901 702 1020 763 dedere
1036 704 1161 769 choras.

397 789 509 851 illaec
522 790 658 853 Veneris
671 787 780 863 aedes,
801 787 1035 848 Lacedaemone
1048 790 1171 867 gratior
1183 787 1250 867 illi,

461 874 522 934 llic
535 872 623 933 locus
637 871 795 931 Herculeo
810 874 935 930 numine
947 869 1050 931 clarus
1063 878 1143 934 erat

420 959 539 1019 Cuncta
551 960 656 1017 iacent
669 956 798 1015 flammis
812 962 847 1014 et
861 957 947 1014 tristi
961 975 1062 1015 mersa
1074 954 1197 1017 fauilla:

461 1042 526 1102 Nec
540 1041 647 1121 superi
663 1038 782 1099 vellent
795 1039 855 1098 hoc
869 1038 996 1099 licuisse
1010 1041 1080 1100 sibi.

812 1173 908 1233 XLV.

419 1288 506 1347 llaec
523 1289 581 1347 tibi
595 1308 652 1367 pro
667 1295 739 1346 nato
756 1285 850 1366 plena
865 1285 918 1347 dat
930 1284 1032 1347 laetus
1047 1306 1172 1365 acerra,

462 1371 604 1447 Phoebe,
626 1369 785 1430 Palatinus
802 1389 930 1431 munera
944 1371 1148 1449 Parthenius,

419 1454 463 1516 Ut
477 1456 529 1534 qni
544 1457 643 1534 prima
657 1473 736 1514 noro
747 1455 850 1532 signat
867 1457 1076 1534 quinquennia
1089 1453 1211 1533 lustro,

461 1535 592 1619 Impleat
605 1540 781 1598 innumeras
796 1539 913 1598 Burrus
928 1538 1134 1620 Olympiadas.

397 1622 485 1685 arao
499 1630 567 1696 rata
581 1629 652 1682 vota
665 1622 779 1702 patris:
800 1624 845 1681 sic
859 1628 893 1683 te
910 1629 964 1682 tua
978 1622 1087 1702 diligat
1101 1625 1197 1683 arbor

462 1706 602 1767 Gaudeat
617 1714 650 1767 et
665 1711 751 1767 certa
764 1707 942 1784 virginitate
956 1727 1061 1767 soror:

419 1790 576 1872 Perpetuo
591 1792 637 1851 sic
650 1792 729 1851 ilore
743 1791 855 1867 mices,
875 1793 919 1850 sic
936 1790 1071 1870 denique
1086 1810 1148 1849 non
1163 1791 1230 1850 sint

463 1875 541 1936 Tam
555 1876 666 1955 longae
681 1874 821 1950 Bromio,
846 1894 936 1952 quam
950 1877 1025 1952 tibi,
1046 1875 1193 1952 Phoebe,
1216 1893 1329 1936 comae.

802 2022 910 2083 XLVI.

422 2133 596 2195 Saturnalia
610 2135 736 2195 divitem
751 2133 909 2195 Sabellum

418 2218 592 2279 Fecerunt:
613 2220 723 2279 merito
739 2224 839 2277 tumet
853 2216 1011 2293 Sabellus,

419 2302 485 2364 Nec
501 2322 673 2382 quenquam
691 2308 779 2382 putat
797 2322 867 2362 esse
882 2302 1103 2383 praedicatque

420 2387 506 2448 lnter
520 2386 690 2447 causidicos
705 2387 883 2446 beatiorem.

398 2470 489 2534 iilos
503 2470 602 2531 iustus
615 2473 793 2549 animosque
809 2470 862 2529 dat
879 2469 1004 2531 Sabello

421 2555 529 2616 Farris
544 2554 699 2615 semodius
713 2555 866 2633 fabaeque
880 2554 1000 2632 fresae,

422 2639 466 2700 lit
480 2639 558 2698 turis
572 2640 753 2720 piperisque
769 2646 836 2699 tres
853 2636 1007 2716 selibrae,

420 2724 463 2786 Et
478 2724 629 2787 Lucanica
641 2730 750 2784 ventre
766 2743 834 2783 cnm
847 2721 988 2800 Falisco,

420 2807 463 2867 lat
478 2808 559 2887 nigri
575 2809 653 2887 Syra
667 2806 783 2868 defruti
799 2806 927 2886 lagona,

380 2891 461 2955 lolia
476 2892 554 2951 licus
568 2891 685 2971 Libyca
700 2890 802 2969 gelata
816 2898 898 2951 testa

421 2975 498 3035 (ium
512 2974 615 3033 bulbis
630 2973 828 3053 cochleisqne
844 2994 1005 3053 caseoqne.

419 3057 536 3119 Piceno
555 3075 677 3136 quoque
693 3060 779 3117 venit
792 3078 809 3117 a
824 3057 939 3119 cliente

420 3142 537 3203 Parcae
552 3139 663 3201 cistula
676 3159 738 3199 non
753 3161 846 3221 capax
861 3140 978 3219 olivae,

419 3226 462 3287 lat
477 3244 579 3288 crasso
593 3223 682 3303 tiguli
695 3222 794 3303 polita
808 3225 896 3285 caelo

380 3318 412 3373 15
419 3309 603 3391 Septenaria
617 3308 772 3388 synthesis
789 3307 933 3387 Sagunti,

420 3394 577 3474 llispanae
591 3392 709 3454 luteum
724 3397 811 3451 rotae
825 3399 966 3452 toreuma

419 3478 461 3540 lit
473 3477 536 3537 lato
551 3478 666 3538 variata
680 3495 789 3555 mappa
803 3474 898 3541 clavo.

421 3561 594 3622 Saturnalia
607 3562 815 3622 fructuosiora

421 3646 519 3705 Annis
533 3665 595 3706 non
610 3644 718 3705 habuit
732 3642 839 3703 decem
854 3639 1007 3705 Sabellus.

262 3937 410 4043 Α
