3434 4575
601 924 647 997 n.
677 923 788 1004 ιιι,
807 921 1065 1009 nanninus

518 1094 1152 1190 iil’ltiltliitilitii

717 1279 878 1341 LIBER
905 1279 955 1343 iv.

826 1463 848 1523 l.

401 1577 545 1639 Caesaris
559 1575 638 1636 alma
652 1577 719 1637 dies
737 1584 770 1637 et
784 1575 856 1636 luce
872 1577 1021 1636 sacratior
1035 1574 1105 1654 illa,

444 1661 573 1722 Conscia
587 1661 747 1722 Dictaeum
764 1680 823 1738 qua
836 1659 909 1719 tulit
921 1659 974 1719 lda
988 1659 1105 1737 lovem,

399 1747 522 1824 Longa,
544 1763 674 1824 precor,
695 1743 847 1824 Pylioque
861 1744 933 1804 veni
947 1746 1142 1804 numerosior
1157 1764 1230 1805 aevo

443 1830 573 1909 Semper
588 1836 621 1890 et
635 1830 694 1888 hoc
707 1828 792 1887 voltu
804 1826 855 1886 vel
869 1826 998 1887 meliore
1013 1828 1088 1887 nite.

378 1916 462 1977 5Hic
479 1912 561 1973 colat
574 1912 693 1973 Albano
710 1911 875 1972 'l'ritonida
889 1909 1003 1970 multus
1018 1911 1051 1969 in
1066 1930 1139 1970 auro

443 1999 567 2077 Perque
581 2017 687 2057 manua
700 2003 801 2056 tantas
815 1994 949 2076 plurima
963 2013 1095 2074 quercus
1110 2001 1177 2071 eat;

400 2083 462 2143 Hic
478 2082 559 2142 colat
572 2083 693 2161 ingenti
708 2081 873 2141 redeuntia
888 2078 1011 2140 saecula
1024 2078 1123 2139 lustro

442 2168 484 2227 nt
499 2185 577 2245 quae
591 2164 758 2226 Romuleus
772 2184 861 2225 sacra
876 2165 1032 2224 'l'arentos
1047 2165 1150 2225 hahet.

400 2251 514 2331 Magna
529 2249 669 2330 quidem,
691 2249 820 2331 Superi,
841 2251 992 2331 petimus,
1014 2247 1071 2309 aed
1086 2247 1193 2309 debita
1205 2251 1317 2310 terris:

360 2348 394 2399 10
443 2337 504 2395 l'ro
520 2342 605 2394 tanto
621 2354 699 2413 quae
715 2341 786 2394 sunt
800 2336 942 2415 improba
955 2341 1026 2393 vota
1040 2332 1123 2394 deo?

822 2468 857 2529 11.

404 2583 571 2663 Spectabat
584 2581 675 2642 modo
693 2581 776 2642 solus
790 2583 874 2641 inter
889 2599 995 2641 omnes

403 2667 507 2744 Nigris
522 2685 631 2725 munus
644 2665 793 2726 Horatius
809 2664 960 2743 lacernis,

403 2752 481 2812 (lum
494 2750 583 2831 plebs
599 2758 632 2810 et
644 2753 744 2811 minor
759 2748 836 2809 ordo
851 2751 1060 2827 maximusque

404 2835 517 2895 Sancto
533 2854 600 2895 cum
616 2834 694 2895 duce
710 2832 858 2894 candidus
874 2834 1008 2893 sederet.

404 2919 485 2978 Toto
500 2920 553 2978 nix
567 2918 681 2978 cecidit
694 2924 827 2998 repente
843 2917 945 2978 caelo:

402 3001 491 3062 Albis
504 3008 625 3083 spectat
638 3002 787 3063 Horatius
798 3001 943 3064 lacernis.

816 3138 865 3197 lll.

403 3249 518 3328 Aspice
534 3269 623 3327 quam
639 3248 768 3309 densum
783 3250 945 3310 tacitarum
957 3248 1057 3310 vellus
1072 3270 1218 3329 aquarum

446 3332 569 3393 Defluat
585 3335 617 3391 in
632 3331 732 3393 voltus
748 3334 890 3394 Caesaris
904 3336 1000 3413 inque
1015 3336 1109 3396 sinus.

404 3415 547 3496 indulget
560 3423 663 3477 tamen
678 3415 828 3496 illelom,
850 3437 909 3477 nec
922 3420 1041 3479 vertice
1059 3424 1142 3478 moto

447 3500 616 3562 Concretas
629 3503 717 3582 pigro
732 3502 851 3581 frigore
865 3501 950 3563 ridet
965 3522 1073 3582 aquas,

382 3584 497 3648 5Sidua
511 3584 709 3666 Hyperborei
725 3584 834 3646 solitus
847 3585 963 3647 lassare
979 3589 1096 3647 Bootae

448 3671 490 3730 nt
504 3669 634 3729 madidis
647 3669 781 3730 Helicen
795 3669 990 3732 dissimulare
1006 3673 1110 3732 comis.

1110 3751 1154 3815 6*
