3434 4575
549 969 605 1043 n.
627 968 732 1042 vnn.
755 967 1012 1044 nunninus

472 1132 1095 1235 urlunl'nnllou

659 1322 912 1385 LIBERVIII.

337 1513 526 1593 Imperatori
537 1511 718 1571 Domitiano
737 1509 869 1570 Caesari
882 1511 1049 1590 Augusto,
1075 1509 1278 1590 Germanico,

566 1594 703 1672 Dacico,
731 1593 875 1653 Valerius
889 1593 1048 1653 Martialis
1062 1593 1097 1654 S.
1115 1642 1117 1647 s

394 1708 512 1802 llmnes
534 1740 658 1820 quidem
678 1738 778 1799 libelli
799 1741 878 1817 mei,
906 1739 1046 1819 domine,
1075 1743 1185 1819 quibus
1206 1750 1240 1802 tu
1262 1745 1308 1803 fo-

306 1845 404 1902 mam,
431 1825 464 1884 id
485 1831 534 1885 est
548 1827 659 1902 vitam,
690 1822 822 1902 dedisti,
848 1825 907 1883 tibi
922 1823 1112 1905 supplicent3
1147 1832 1197 1904 et,
1222 1833 1306 1907 puto,

305 1914 437 1991 propter
451 1911 510 1969 hoc
525 1908 679 1987 legentur.
694 1909 765 1968 llic
780 1914 900 1985 tamen,
923 1909 976 1986 qui
990 1910 1094 1989 operis
1109 1911 1209 1969 nostri
1225 1918 1306 1970 octe.

305 2014 361 2054 vus
385 1994 582 2071 inscribitur,
624 1993 785 2052 occasione
810 1993 936 2073 pietatis
962 1992 1159 2072 frequentius
1183 1993 1307 2056 fruitur.

283 2079 414 2140 5Minns
427 2079 532 2156 itaque
544 2079 668 2156 ingenio
682 2075 884 2137 laborandum
898 2077 968 2154 fuit,
978 2077 1016 2136 «in
1031 2078 1116 2138 cuius
1129 2076 1230 2137 locum
1246 2098 1309 2138 rna-

306 2164 387 2221 terio
401 2167 608 2221 successerat:
635 2181 723 2240 quam
746 2160 870 2240 quidem
892 2161 1022 2222 subinde
1046 2160 1149 2241 aliqua
1170 2162 1308 2222 iocorum

305 2247 436 2305 mixtura
449 2248 568 2306 variare
579 2248 808 2327 temptavimus,
820 2264 862 2307 ne
877 2243 1004 2308 caelesti
1017 2245 1222 2308 verecundiae
1237 2252 1309 2308 tusc

305 2329 415 2390 laudes
430 2350 514 2406 suas,
543 2349 621 2409 quae
639 2330 760 2391 facilius
778 2338 811 2391 te
826 2332 958 2410 fatigare
970 2332 1108 2411 possint,
1139 2352 1228 2411 quom
1249 2351 1306 2391 nos

307 2416 436 2493 satiare,
452 2416 549 2473 omnis
565 2432 672 2474 versus
683 2416 853 2492 ingereret.
881 2416 1023 2491 Quamvis
1039 2422 1139 2477 autern
1155 2416 1308 2495 epigram-

263 2504 384 2562 lornuto
398 2519 414 2556 o
430 2499 633 2558 severissimis
655 2496 777 2576 quoque
798 2505 832 2558 et
851 2517 986 2559 summae
1007 2499 1151 2559 fortunae
1170 2501 1244 2560 viris
1263 2500 1308 2559 ito

307 2583 423 2661 scripta
445 2582 523 2661 sint,
553 2588 587 2641 nt
606 2582 757 2642 mimicam
776 2583 941 2643 verborum
961 2581 1120 2644 licentium
1144 2584 1307 2644 affectasse

305 2666 484 2744 videantur,
512 2685 569 2745 ego
591 2672 693 2725 tomen
712 2664 776 2725 illis
798 2685 861 2726 non
877 2667 1005 2746 permisi
1018 2673 1080 2726 tam
1093 2665 1206 2727 lascive
1220 2666 1307 2746 loqui

292 2741 395 2828 'quam
411 2749 522 2813 solent.
559 2751 636 2810 (ium
655 2770 727 2830 pars
740 2749 815 2810 libri
829 2755 863 2810 et
875 2747 973 2810 maior
987 2755 1020 2810 et
1033 2748 1144 2810 melior
1160 2749 1198 2809 ud
1212 2752 1307 2811 moie-

307 2839 417 2894 stutem
439 2836 519 2895 sacri
540 2835 673 2894 nominis
694 2834 739 2893 tui
755 2833 877 2913 alligata
890 2836 949 2914 sit,
977 2835 1154 2895 meminerit
1167 2855 1230 2894 non
1244 2835 1305 2893 nisi

264 2916 452 2997 loreligiosa
472 2919 688 2999 purificatione
708 2917 857 2979 lustratos
880 2917 1032 2980 accedere
1054 2918 1092 2979 ud
1111 2917 1230 3000 templo
1251 2916 1306 2977 de-

306 3004 391 3063 bere.
429 3002 519 3078 Quod
538 3009 573 3063 ut
594 3002 816 3064 custoditurum
837 3023 886 3064 me
906 3003 1021 3065 lecturi
1042 3006 1158 3081 sciant,
1185 3002 1306 3081 inipso

305 3085 407 3146 libelli
426 3088 516 3146 buius
536 3086 642 3149 limine
662 3088 807 3169 profiteri
824 3089 1006 3149 brevissimo
1020 3087 1138 3169 placuit
1153 3088 1306 3167 epigram-

304 3177 395 3232 mate.

770 3255 792 3314 1.

346 3366 534 3443 Laurigeros
549 3363 681 3443 domini,
700 3365 800 3442 liber,
822 3366 976 3425 intrature
990 3370 1120 3445 penates

388 3449 482 3509 Disce
494 3446 670 3508 verecundo
685 3448 819 3507 sanctius
835 3466 890 3508 ore
904 3445 1001 3527 loqui.

346 3530 435 3592 Nuda
449 3530 563 3592 recede
579 3532 700 3607 Venus3
722 3552 785 3591 non
802 3537 851 3591 est
865 3537 935 3593 tuns
949 3534 1010 3593 iste
1023 3529 1166 3594 libellus:

390 3616 438 3677 Tu
453 3617 544 3697 mihi,
565 3621 601 3677 tu
613 3615 714 3677 Pallas
729 3617 928 3695 Caesariana,
947 3618 1026 3679 veni.
