3434 4575
350 462 390 526 ιι
671 462 715 524 Μ.
731 462 823 527 vnn.
839 463 1066 526 mannans
1118 452 1137 482 ⁶

849 663 900 724 xl.
998 687 1000 690 ·

431 777 509 837 (ium
524 773 595 836 data
608 777 672 836 sint
685 777 784 855 equiti
798 776 846 836 bis
861 777 955 855 quina
968 776 1164 857 nomismata,
1187 800 1286 860 quare

472 860 525 920 bis
540 857 667 921 deciens
681 860 783 937 aelus,
806 858 992 938 Sextiliane,
1011 862 1115 921 bibis?

429 945 491 1005 lam
509 942 678 1005 defecisset
692 950 854 1025 pertentes
870 941 957 1004 calda
971 945 1145 1023 ministros,

471 1029 505 1089 Si
519 1048 582 1104 nen
595 1034 738 1109 potares,
760 1025 947 1117 Sextiliane,
970 1047 1097 1089 merum.

835 1175 900 1240 ΧΠ.

430 1291 496 1349 ltur
512 1289 551 1350 ad
565 1288 738 1350 Herculeas
753 1286 850 1366 gelidi
867 1308 926 1367 qua
943 1288 1071 1348 Tiburis
1086 1307 1173 1349 arces

475 1375 620 1452 (lanaque
636 1370 815 1453 sulphureis
831 1370 946 1432 Albula
959 1372 1057 1432 fumat
1070 1375 1174 1453 aquis,

427 1458 511 1516 llura
524 1474 695 1534 nemusque
710 1475 830 1515 sacrum
845 1452 1024 1535 dilectaque
1038 1458 1146 1536 iugera
1160 1457 1260 1519 Musis

471 1540 579 1619 Signat
591 1540 692 1600 vicina
707 1545 833 1617 quartus
849 1540 887 1599 ab
901 1542 979 1601 urbe
993 1539 1081 1621 lapis.

404 1625 488 1687 allia
501 1623 587 1684 rudis
603 1624 734 1683 aestivas
747 1625 926 1703 praestabat
940 1625 1078 1704 porticus
1094 1626 1233 1703 umbras,

468 1707 540 1768 Heu
554 1728 643 1787 quam
657 1725 757 1788 paene
771 1727 883 1767 novum
896 1709 1035 1788 porticus
1051 1728 1121 1768 ausa
1138 1709 1240 1768 nefas!

426 1791 503 1857 Nam
517 1793 620 1852 subito
635 1790 768 1872 collapsa
782 1794 861 1869 ruit,
883 1812 951 1851 cnm
968 1791 1049 1852 mole
1063 1795 1119 1852 sub
1135 1792 1188 1853 illa
1318 1791 1323 1802 '

470 1877 617 1952 Gestatus
631 1871 745 1954 biiugis
758 1873 895 1956 Regulus
911 1882 995 1937 esset
1011 1876 1109 1955 equis.

426 1960 577 2021 Nimirum
591 1961 694 2021 timuit
708 1967 830 2019 nostras
843 1960 983 2020 Fortuna
998 1958 1171 2039 querellas,

386 2055 420 2107 10
468 2047 553 2122 Quae
571 2050 705 2125 partam
718 2061 846 2122 magnae
861 2062 924 2102 non
939 2050 1007 2102 erat
1019 2043 1164 2104 invidiae.

425 2127 513 2188 Nunc
524 2134 562 2206 et
576 2125 685 2187 damna
697 2127 818 2201 iuvant3
841 2130 914 2185 sunt
926 2127 993 2206 ipsa
1009 2127 1148 2207 pericula
1161 2129 1257 2188 tanti:

469 2212 589 2272 Stantia
602 2229 666 2270 non
680 2216 826 2291 poterant
839 2212 1072 2290 tectaprobare
1088 2209 1174 2272 deos.

824 2343 903 2403 lllll.

427 2456 520 2517 (laste
535 2475 590 2515 ano
606 2452 741 2533 gladium
755 2472 823 2512 cum
836 2452 980 2514 traderet
994 2456 1086 2515 Arria
1100 2456 1214 2533 Paeto,

467 2541 565 2616 Qum
581 2537 621 2599 de
635 2537 807 2598 visceribus
821 2539 990 2598 strinxerat
1002 2539 1069 2620 ipsa
1084 2542 1163 2619 suis,

425 2623 482 2702 „Si
499 2643 558 2702 qua
570 2620 666 2701 fides,
683 2618 793 2681 vulnus
809 2621 892 2702 quod
905 2622 968 2683 feci
984 2642 1047 2682 nen
1063 2622 1187 2702 dolet,“
1208 2625 1329 2703 inquit3

400 2789 402 2793 ,
467 2706 553 2786 „Sed
568 2704 652 2787 qued
665 2712 700 2766 tu
713 2706 826 2783 facies,
847 2706 908 2766 boc
925 2707 1016 2784 mibi,
1038 2707 1152 2785 Paete,
1172 2706 1292 2769 dolet.“

760 2884 762 2887 ι
819 2840 901 2902 XIV.

424 2951 577 3032 Delicias,
599 2955 730 3031 Gaesar,
752 2953 902 3032 lususque
915 2954 1064 3031 iocosque
1077 2951 1203 3013 leonum

466 3036 623 3114 Vidimus,
645 3030 705 3096 hcc
720 3039 814 3097 etiam
827 3042 967 3117 praestat
981 3038 1097 3096 harena
1110 3037 1185 3113 tibi,

424 3122 502 3183 (inm
515 3138 648 3202 prensus
661 3117 775 3179 blando
787 3120 907 3179 totiens
923 3140 940 3178 a
955 3118 1050 3180 dente
1065 3119 1188 3181 rediret

464 3207 507 3267 nt
521 3223 581 3286 per
595 3209 703 3284 aperta
716 3222 808 3282 vagus
823 3208 968 3263 curreret
982 3222 1036 3262 ora
1049 3200 1150 3284 lepus.

401 3290 515 3353 5Unde
529 3292 635 3370 potest
648 3284 753 3347 auidus
770 3292 878 3366 captae
891 3284 944 3346 leo
961 3306 1092 3366 parcere
1106 3285 1266 3367 praedae?

466 3372 530 3435 Sed
543 3379 647 3434 tamen
661 3389 730 3432 ease
744 3376 814 3431 tuna
830 3369 959 3430 dicitnr:
981 3387 1055 3449 erge
1070 3377 1183 3451 potent.
1244 3388 1248 3395 ·

822 3503 891 3567 XV.

423 3620 450 3680 0
465 3623 541 3682 mibi
551 3628 625 3703 pcat
637 3619 760 3699 nullus,
782 3618 856 3699 Iuli,
879 3618 1080 3679 memorande
1092 3609 1232 3694 sodales,

466 3704 500 3765 Si
515 3704 590 3785 quid
602 3704 696 3783 langa
708 3704 787 3765 fides
802 3722 938 3783 canaque
952 3704 1020 3764 lura
1034 3702 1154 3781 valent,

265 3949 404 4051 ssa
