3434 4575
438 451 478 513 ta
778 463 813 513 u.
836 463 908 509 rou.
932 463 1116 510 ruvnuanrs

438 603 583 664 bellorum
610 621 716 681 pompa
739 605 858 662 animam
884 601 1051 661 exhalasset
1073 603 1208 680 opimam,

438 688 531 762 Quum
553 687 590 748 de
612 687 775 748 Teutonico
798 686 891 746 vellet
913 686 1097 746 descendere
1121 686 1229 747 curru?

437 772 559 833 Provida
582 772 723 850 Pompeio
746 771 870 832 dederat
892 768 1047 848 Campania
1069 770 1169 831 icbres

437 856 600 936 Optandas‚
622 855 804 930 sedmultae
830 853 920 914 urbes
945 864 974 914 et
995 854 1112 933 publica
1134 866 1202 916 vota

437 942 590 1008 Vicerunt;
617 943 704 1019 igitur
728 941 843 1000 fortuna
867 941 958 1017 ipsius
983 949 1013 998 et
1035 939 1114 999 urbis
1376 952 1428 1005 285

437 1028 589 1087 Seruatum
611 1028 688 1086 victo
713 1035 800 1103 caput
822 1022 951 1084 abstulit.
991 1023 1055 1084 Hoc
1079 1026 1207 1085 cruciatu

438 1110 591 1186 Lentulus,
614 1110 670 1171 hac
692 1126 788 1190 poena
810 1110 903 1168 caruit
925 1108 1092 1188 ceciditque
1116 1107 1265 1186 Cethegus

438 1196 570 1272 Integer,
596 1206 625 1255 et
646 1196 734 1255 iacuit
758 1191 880 1253 Catilina
907 1194 1051 1253 cadauere
1077 1203 1148 1253 toto.

478 1278 611 1339 Formam
636 1287 718 1358 optat
739 1278 853 1337 modico
878 1277 993 1355 pueris,
1022 1280 1131 1337 maiore
1156 1277 1263 1357 puellis

437 1365 598 1440 blurmure,
625 1382 711 1443 quum
736 1362 862 1421 Veneris
887 1361 982 1420 fanum
1006 1362 1097 1439 videt,
1119 1363 1203 1423 anxia
1219 1372 1310 1420 mater
1377 1371 1429 1425 290

438 1449 536 1528 Usque
563 1448 598 1508 ad
621 1447 743 1508 delicias
766 1455 909 1505 votorum.
947 1442 1004 1504 Cur
1026 1455 1139 1522 tamen,
1162 1448 1262 1525 inquit.

438 1529 606 1610 Corripias‘l
629 1530 750 1610 pulchra
773 1531 884 1607 gaudet
905 1529 1014 1590 Latona
1038 1530 1140 1590 Diana.
1161 1564 1201 1574 —

437 1617 495 1677 Sed
519 1625 599 1676 vetat
624 1617 718 1694 optari
745 1615 850 1675 iaciem
871 1614 1024 1690 Lucretia,
1053 1616 1167 1693 qualem

436 1702 503 1780 lpsa
529 1700 642 1768 habuit:
670 1708 794 1778 cuperet
820 1698 936 1759 Rutilae
961 1698 1100 1778 Verginia
1124 1700 1242 1778 gibbum

439 1786 584 1864 decipere
606 1794 693 1863 atque
716 1802 796 1844 suam
823 1783 938 1843 Rutilae
961 1784 1042 1844 dare.
1076 1783 1166 1844 Filius
1189 1796 1284 1846 autem
1378 1794 1427 1848 290

440 1869 579 1949 Corporis
603 1869 716 1948 egregii
738 1871 863 1929 miseros
886 1869 1077 1948 trepidosque
1104 1879 1240 1948 parentes

438 1959 561 2034 Semper
582 1954 683 2019 habet:
725 1972 791 2013 rara
815 1964 861 2014 est
882 1953 956 2012 adeo
984 1955 1141 2014 concordia
1165 1954 1276 2014 iormae

438 2041 534 2119 ..itque
557 2039 723 2118 pudicitiae.
755 2040 881 2098 Sanctcs
903 2038 973 2097 licet
995 2038 1110 2099 horrida
1134 2056 1232 2098 mores

439 2124 600 2184 Tradiderit
622 2123 723 2182 domus
746 2140 781 2181 ac
804 2132 924 2182 ueteres
946 2123 1052 2182 imitata
1079 2124 1214 2199 Sabinos,

440 2209 593 2268 Praeterea
620 2215 729 2267 castum
751 2207 897 2284 ingenium
921 2206 1090 2285 vultumque
1115 2209 1248 2267 modesto
1378 2219 1430 2270 300

439 2295 585 2371 Sanguine
611 2291 773 2352 ierventem
799 2290 904 2352 tribuat
927 2300 1027 2351 natura
1054 2291 1179 2371 benigna

439 2378 529 2455 Larga
552 2373 651 2436 manu:
677 2376 761 2455 (quid
786 2378 861 2436 enim
887 2393 979 2454 puero
1009 2376 1146 2437 conferre
1171 2386 1271 2457 potest
1294 2378 1360 2455 0100

439 2460 568 2522 Custode
595 2469 713 2520 etcum
735 2469 836 2520 natura
861 2462 1009 2539 potentior
1031 2459 1145 2541 omnii)

438 2545 502 2606 Non
525 2543 594 2605 licet
618 2562 686 2605 0000
708 2546 788 2614 viro;
809 2563 873 2605 nam
896 2546 1019 2624 prodiga
1044 2548 1223 2625 corruptoris

439 2629 611 2708 improbitas
636 2630 718 2708 ipsos
744 2630 832 2690 audet
856 2640 1000 2709 temptare.
1022 2640 1170 2709 parentes.
1378 2643 1430 2695 305

439 2714 528 2775 Tanta
551 2714 579 2774 in
604 2715 769 2775 muneribus
792 2715 906 2776 fiducia.
947 2712 1050 2775 Nullus
1076 2716 1220 2795 ephebum

439 2799 606 2860 Deiormem
633 2818 722 2860 saeva
744 2801 882 2860 castravit
905 2802 931 2860 in
958 2818 1026 2860 arce
1049 2809 1197 2875 tyrannus,

441 2882 502 2944 Nec
528 2893 739 2962 praetextatum
762 2885 857 2963 rapuit
879 2883 959 2944 Nero
985 2884 1145 2963 loripedem
1171 2904 1226 2944 nec

440 2971 618 3029 strumosum
641 2977 729 3047 atque
752 2979 836 3028 utero
861 2971 970 3047 pariter
991 2969 1141 3049 gibboque
1167 2979 1333 3029 tumentem.

441 3053 451 3114 1
473 3071 548 3113 0000
571 3063 600 3112 et
620 3053 733 3111 iuvenis
755 3054 857 3131 specie
879 3054 990 3115 laetare
1017 3056 1072 3129 tui,
1098 3072 1183 3132 quem
1380 3065 1431 3118 310

440 3138 548 3198 blaiora
569 3145 743 3215 exspectant
770 3137 949 3199 discrimina:
977 3139 1026 3199 bet
1048 3138 1162 3199 adulter

441 3222 576 3283 Publicus
603 3230 633 3281 et
655 3238 766 3301 poenas
787 3231 897 3282 metuet
923 3241 1121 3303 quascumque
1147 3225 1255 3285 maritis

441 3308 523 3367 iratis
550 3305 656 3381 debet,
682 3324 737 3366 uec
759 3308 814 3365 erit
836 3306 954 3366 ielicior
977 3317 1057 3368 astro

440 3390 555 3468 hiantis,
579 3400 609 3450 ut
632 3391 660 3449 in
684 3390 807 3469 laqueos
832 3409 984 3470 numquam
1006 3394 1123 3453 incidat.
1162 3392 1260 3469 Exigit
1282 3402 1377 3453 autem

442 3475 584 3535 interdum
608 3475 659 3535 ille
683 3475 769 3535 dolor
790 3475 855 3554 plus
881 3494 966 3554 qnam
989 3475 1037 3537 lex
1059 3477 1118 3537 ulla
1141 3476 1237 3537 dolori
1379 3489 1433 3541 alo

442 3557 612 3629 Concessit;
635 3570 721 3620 necat
741 3559 788 3619 hic
810 3559 907 3636 ferro,
932 3571 1015 3621 secat
1036 3561 1087 3622 ille
1113 3562 1238 3623 cruentis

442 3643 638 3719 Verberibus,
662 3645 801 3724 quosdam
824 3644 966 3705 moechos
989 3655 1018 3706 et
1036 3646 1150 3723 mugilis
1173 3648 1267 3708 intrat.

442 3728 500 3787 Sed
521 3736 586 3787 tuus
610 3727 770 3805 Endymion
797 3729 923 3789 dilectae
949 3729 998 3789 liet
1020 3731 1134 3791 adulter
