3434 4575
438 478 503 542 200
519 486 524 494 '
762 479 807 542 M.
823 479 915 542 VAL.
932 480 1157 541 MAR'l'lALlS

923 682 1000 745 Vlll.

524 793 684 874 Tanquam
699 813 793 874 parva
808 796 893 855 soret
910 813 1000 854 sexus
1013 795 1126 855 iniuria
1140 795 1241 857 nostri

565 876 751 940 Foedandos
765 878 880 959 populo
895 879 1093 958 prostituisse
1107 897 1228 957 mares,

524 964 586 1024 lam
601 981 698 1023 cunae
713 960 837 1022 lenonis
850 968 955 1040 erant,
977 969 1012 1022 ut
1026 964 1063 1023 ab
1077 963 1174 1022 ubere
1191 971 1303 1045 raptus

568 1045 701 1107 Sordida
715 1047 818 1124 vagitu
834 1052 980 1125 posceret
995 1065 1067 1107 aera
1082 1065 1169 1127 puer.

504 1132 688 1194 tlmmatura
703 1128 817 1190 dabant
828 1128 969 1190 infandas
986 1150 1117 1210 corpora
1130 1149 1258 1209 poenas.
1297 1158 1302 1163 ·

565 1214 634 1275 Nou
649 1212 721 1273 tulit
736 1214 889 1273 Ausonius
901 1212 976 1273 talia
990 1219 1127 1274 monstra
1140 1220 1249 1293 pater,

522 1299 607 1359 ldem
623 1298 676 1376 qui
692 1297 812 1357 teneris
826 1316 926 1378 nuper
940 1299 1093 1359 succurrit
1107 1298 1254 1377 ephebis,

564 1381 612 1442 Ne
626 1381 746 1440 faceret
762 1379 888 1441 steriles
904 1400 992 1441 saeva
1004 1380 1103 1442 libido
1118 1382 1210 1444 viros.

524 1465 670 1526 Dilexere
686 1464 772 1543 prius
787 1467 877 1544 pueri
891 1467 1080 1545 iuvenesque
1095 1482 1266 1543 senesque,

483 1562 517 1612 lo
567 1551 608 1609 At
622 1565 703 1607 nnnc
717 1547 852 1608 infantes
866 1554 899 1609 te
915 1569 1054 1629 quoque,
1076 1550 1207 1626 Caesar,
1231 1556 1345 1612 amant.

932 1683 983 1745 lX.

523 1793 575 1857 Nil
589 1796 646 1867 tibi
660 1791 775 1874 legarit
788 1795 920 1871 Fabius,
941 1794 1123 1873 Bithynice,
1146 1794 1195 1853 cui
1210 1800 1245 1855 tu

564 1879 690 1956 Annua,
712 1880 738 1939 si
754 1879 895 1956 memini,
917 1876 1000 1937 milia
1014 1896 1088 1938 sena
1103 1877 1204 1937 dabas.

523 1960 598 2023 Plus
612 1962 690 2023 nulli
705 1961 792 2023 dedit
806 1961 878 2022 ille:
901 1963 1006 2041 queri,
1026 1961 1207 2041 Bithynice,
1227 1959 1312 2022 noli:

564 2048 673 2108 Annua
686 2045 801 2126 legavit
814 2044 900 2106 milia
916 2065 990 2106 sena
1003 2047 1070 2106 tibi.

941 2179 978 2241 X.

524 2296 642 2372 (lenes,
665 2295 836 2374 (lentham,
859 2315 928 2355 eum
941 2297 1018 2357 foris
1031 2295 1186 2375 libenter,

524 2378 643 2458 Clamas
658 2386 691 2439 et
705 2377 863 2440 maledicis
880 2386 913 2439 et
926 2381 1060 2441 minaris.

522 2465 666 2543 Deponas
682 2464 798 2524 animos
814 2471 935 2544 truces,
957 2483 1129 2525 monemus:

523 2547 618 2608 Liber
633 2567 695 2607 non
710 2555 800 2628 potes
818 2555 851 2610 et
864 2546 989 2627 gulosus
1004 2567 1083 2612 csse.

905 2748 907 2751 Α
935 2683 987 2745 Xl.

520 2797 641 2858 Nomen
655 2819 722 2859 cum
737 2797 826 2860 violis
840 2799 983 2878 rosisque
999 2805 1118 2877 natum,

522 2882 590 2957 Quo
604 2901 676 2961 pars
695 2884 810 2962 optima
823 2885 999 2943 nominatur
1012 2885 1100 2961 anni,

520 2963 655 3043 Hyblam
671 2965 754 3043 qnod
768 2968 848 3047 sapit
862 2968 1045 3046 Atticosque
1059 2968 1175 3044 fiores,

522 3047 613 3125 Quod
626 3047 716 3109 nidos
732 3048 796 3110 olet
811 3049 893 3111 alitis
907 3054 1076 3131 superbae3

499 3131 645 3195 5Nomen
658 3137 785 3193 nectare
803 3131 923 3194 dulcius
939 3137 1048 3213 beato,

522 3218 589 3294 Quo
605 3216 709 3279 mallet
725 3216 859 3297 Cybeles
877 3236 955 3298 puer
971 3220 1074 3279 vocari

521 3302 564 3361 Et
578 3303 631 3381 qui
644 3300 755 3382 pocula
769 3308 924 3383 temperat
939 3301 1090 3363 Tonanti:

466 3429 480 3443 .
520 3385 610 3462 Quod
626 3388 652 3446 si
664 3386 829 3447 Parrhasia
843 3406 935 3447 sones
950 3387 982 3446 in
998 3385 1082 3462 aula,

520 3469 724 3550 Respondent
737 3472 880 3533 Veneres
897 3468 1148 3550 Cupidinesqn03

478 3552 640 3615 loNomen
654 3553 777 3633 nobile,
800 3553 912 3630 molle,
936 3552 1100 3613 delicatum

522 3635 625 3697 Versu
640 3637 746 3698 dicere
761 3658 824 3698 non
838 3635 910 3697 rudi
924 3635 1079 3697 volebam:
1111 3634 1112 3637 ’

522 3718 587 3780 Sed
601 3726 635 3781 tu
650 3719 770 3801 syllaba
784 3727 945 3782 contumax
959 3738 1123 3810 repugnas.
